<!DOCTYPE html>
<meta charset="utf-8" />
<!-- version 1 -->
<title>[Gen 8] Alternatium EX replay: hariyana grande vs. Ainzcrad</title>
<style>
html,body {font-family:Verdana, sans-serif;font-size:10pt;margin:0;padding:0;}body{padding:12px 0;} .battle-log {font-family:Verdana, sans-serif;font-size:10pt;} .battle-log-inline {border:1px solid #AAAAAA;background:#EEF2F5;color:black;max-width:640px;margin:0 auto 80px;padding-bottom:5px;} .battle-log .inner {padding:4px 8px 0px 8px;} .battle-log .inner-preempt {padding:0 8px 4px 8px;} .battle-log .inner-after {margin-top:0.5em;} .battle-log h2 {margin:0.5em -8px;padding:4px 8px;border:1px solid #AAAAAA;background:#E0E7EA;border-left:0;border-right:0;font-family:Verdana, sans-serif;font-size:13pt;} .battle-log .chat {vertical-align:middle;padding:3px 0 3px 0;font-size:8pt;} .battle-log .chat strong {color:#40576A;} .battle-log .chat em {padding:1px 4px 1px 3px;color:#000000;font-style:normal;} .chat.mine {background:rgba(0,0,0,0.05);margin-left:-8px;margin-right:-8px;padding-left:8px;padding-right:8px;} .spoiler {color:#BBBBBB;background:#BBBBBB;padding:0px 3px;} .spoiler:hover, .spoiler:active, .spoiler-shown {color:#000000;background:#E2E2E2;padding:0px 3px;} .spoiler a {color:#BBBBBB;} .spoiler:hover a, .spoiler:active a, .spoiler-shown a {color:#2288CC;} .chat code, .chat .spoiler:hover code, .chat .spoiler:active code, .chat .spoiler-shown code {border:1px solid #C0C0C0;background:#EEEEEE;color:black;padding:0 2px;} .chat .spoiler code {border:1px solid #CCCCCC;background:#CCCCCC;color:#CCCCCC;} .battle-log .rated {padding:3px 4px;} .battle-log .rated strong {color:white;background:#89A;padding:1px 4px;border-radius:4px;} .spacer {margin-top:0.5em;} .message-announce {background:#6688AA;color:white;padding:1px 4px 2px;} .message-announce a, .broadcast-green a, .broadcast-blue a, .broadcast-red a {color:#DDEEFF;} .broadcast-green {background-color:#559955;color:white;padding:2px 4px;} .broadcast-blue {background-color:#6688AA;color:white;padding:2px 4px;} .infobox {border:1px solid #6688AA;padding:2px 4px;} .infobox-limited {max-height:200px;overflow:auto;overflow-x:hidden;} .broadcast-red {background-color:#AA5544;color:white;padding:2px 4px;} .message-learn-canlearn {font-weight:bold;color:#228822;text-decoration:underline;} .message-learn-cannotlearn {font-weight:bold;color:#CC2222;text-decoration:underline;} .message-effect-weak {font-weight:bold;color:#CC2222;} .message-effect-resist {font-weight:bold;color:#6688AA;} .message-effect-immune {font-weight:bold;color:#666666;} .message-learn-list {margin-top:0;margin-bottom:0;} .message-throttle-notice, .message-error {color:#992222;} .message-overflow, .chat small.message-overflow {font-size:0pt;} .message-overflow::before {font-size:9pt;content:'...';} .subtle {color:#3A4A66;}
</style>
<div class="wrapper replay-wrapper" style="max-width:1180px;margin:0 auto">
<input type="hidden" name="replayid" value="dragonheaven-gen8alternatiumex-64" />
<div class="battle"></div><div class="battle-log"></div><div class="replay-controls"></div><div class="replay-controls-2"></div>
<h1 style="font-weight:normal;text-align:center"><strong>[Gen 8] Alternatium EX</strong><br /><a href="http://pokemonshowdown.com/users/hariyanagrande" class="subtle" target="_blank">hariyana grande</a> vs. <a href="http://pokemonshowdown.com/users/ainzcrad" class="subtle" target="_blank">Ainzcrad</a></h1>
<script type="text/plain" class="battle-log-data">|j|☆hariyana grande
|j|☆Ainzcrad
|t:|1686508201
|player|p1|hariyana grande|nate|
|player|p2|Ainzcrad|winona-gen6|
|teamsize|p1|6
|teamsize|p2|6
|gametype|singles
|gen|9
|tier|[Gen 8] Alternatium EX
|clearpoke
|poke|p1|Greninja-Ronin, M|
|poke|p1|Basculectric, F|
|poke|p1|Arcanine-Water Balloon, F|
|poke|p1|Calyrex-Mythic|
|poke|p1|Pikachu-World, M|
|poke|p1|Togedemaru, F|
|poke|p2|Samurott-Rogue, M|
|poke|p2|Calyrex-Mythic|
|poke|p2|Togedemaru, M|
|poke|p2|Rapidash-Galar, F|
|poke|p2|Magearna-Prototype, F|
|poke|p2|Braviary-Patriot, M|
|rule|HP Percentage Mod: HP is shown in percentages
|rule|Endless Battle Clause: Forcing endless battles is banned
|rule|OHKO Clause: OHKO moves are banned
|rule|Evasion Moves Clause: Evasion moves are banned
|rule|Dynamax Clause: You cannot dynamax
|rule|Sleep Clause Mod: Limit one foe put to sleep
|rule|Z-Move Clause: Z-Moves are banned
|teampreview
|inactive|Battle timer is ON: inactive players will automatically lose when time's up. (requested by hariyana grande)
|c|☆Ainzcrad|hf
|c|☆hariyana grande|glhf
|inactive|hariyana grande has 270 seconds left.
|inactive|Ainzcrad has 270 seconds left.
|inactive|hariyana grande has 240 seconds left.
|inactive|Ainzcrad has 240 seconds left.
|inactive|hariyana grande has 210 seconds left.
|inactive|hariyana grande has 180 seconds left.
|c|☆hariyana grande|sorry i gotta look up all this shit
|c|☆hariyana grande|u know how it is
|
|t:|1686508334
|start
|switch|p1a: Arcanine-Water Bal|Arcanine-Water Balloon, F|100\/100
|switch|p2a: Togedemaru|Togedemaru, M|100\/100
|-start|p2a: Togedemaru|typechange|Grass\/Steel|[silent]
|raw|<ul class="utilichart"><li class="result"><span class="col pokemonnamecol" style="white-space: nowrap">Togedemaru<\/span> <span class="col typecol"><img src="https:\/\/play.pokemonshowdown.com\/sprites\/types\/Grass.png" alt="Grass" height="14" width="32"><img src="https:\/\/play.pokemonshowdown.com\/sprites\/types\/Steel.png" alt="Steel" height="14" width="32"><\/span> <span style="float: left ; min-height: 26px"><span class="col abilitycol">Spiky and Round<\/span><span class="col abilitycol"><\/span><\/span><\/li><li style="clear: both"><\/li><\/ul>
|raw|<ul class="utilichart"><li class="result"><span style="float: left ; min-height: 26px"><span class="col statcol"><em>HP<\/em><br>70<\/span> <span class="col statcol"><em>Atk<\/em><br>90<\/span> <span class="col statcol"><em>Def<\/em><br>126<\/span> <span class="col statcol"><em>SpA<\/em><br>44<\/span> <span class="col statcol"><em>SpD<\/em><br>100<\/span> <span class="col statcol"><em>Spe<\/em><br>100<\/span> <\/span><\/li><li style="clear: both"><\/li><\/ul>
|-start|p1a: Arcanine-Water Bal|typechange|Water\/Grass|[silent]
|raw|<ul class="utilichart"><li class="result"><span class="col pokemonnamecol" style="white-space: nowrap">Arcanine-Water Balloon<\/span> <span class="col typecol"><img src="https:\/\/play.pokemonshowdown.com\/sprites\/types\/Water.png" alt="Water" height="14" width="32"><img src="https:\/\/play.pokemonshowdown.com\/sprites\/types\/Grass.png" alt="Grass" height="14" width="32"><\/span> <span style="float: left ; min-height: 26px"><span class="col abilitycol">Bubble Mane<\/span><span class="col abilitycol"><\/span><\/span><\/li><li style="clear: both"><\/li><\/ul>
|raw|<ul class="utilichart"><li class="result"><span style="float: left ; min-height: 26px"><span class="col statcol"><em>HP<\/em><br>110<\/span> <span class="col statcol"><em>Atk<\/em><br>75<\/span> <span class="col statcol"><em>Def<\/em><br>92<\/span> <span class="col statcol"><em>SpA<\/em><br>105<\/span> <span class="col statcol"><em>SpD<\/em><br>70<\/span> <span class="col statcol"><em>Spe<\/em><br>88<\/span> <\/span><\/li><li style="clear: both"><\/li><\/ul>
|turn|1
|c|☆Ainzcrad|dww same
|
|t:|1686508356
|switch|p1a: Togedemaru|Togedemaru, F|100\/100
|-start|p1a: Togedemaru|typechange|Grass\/Steel|[silent]
|raw|<ul class="utilichart"><li class="result"><span class="col pokemonnamecol" style="white-space: nowrap">Togedemaru<\/span> <span class="col typecol"><img src="https:\/\/play.pokemonshowdown.com\/sprites\/types\/Grass.png" alt="Grass" height="14" width="32"><img src="https:\/\/play.pokemonshowdown.com\/sprites\/types\/Steel.png" alt="Steel" height="14" width="32"><\/span> <span style="float: left ; min-height: 26px"><span class="col abilitycol">Spiky and Round<\/span><span class="col abilitycol"><\/span><\/span><\/li><li style="clear: both"><\/li><\/ul>
|raw|<ul class="utilichart"><li class="result"><span style="float: left ; min-height: 26px"><span class="col statcol"><em>HP<\/em><br>70<\/span> <span class="col statcol"><em>Atk<\/em><br>90<\/span> <span class="col statcol"><em>Def<\/em><br>126<\/span> <span class="col statcol"><em>SpA<\/em><br>44<\/span> <span class="col statcol"><em>SpD<\/em><br>100<\/span> <span class="col statcol"><em>Spe<\/em><br>100<\/span> <\/span><\/li><li style="clear: both"><\/li><\/ul>
|move|p2a: Togedemaru|Stealth Rock|p1a: Togedemaru
|-sidestart|p1: hariyana grande|move: Stealth Rock
|
|upkeep
|turn|2
|
|t:|1686508366
|switch|p2a: Magearna-Prototype|Magearna-Prototype, F|100\/100
|-start|p2a: Magearna-Prototype|typechange|Fire\/Fairy|[silent]
|raw|<ul class="utilichart"><li class="result"><span class="col pokemonnamecol" style="white-space: nowrap">Magearna-Prototype<\/span> <span class="col typecol"><img src="https:\/\/play.pokemonshowdown.com\/sprites\/types\/Fire.png" alt="Fire" height="14" width="32"><img src="https:\/\/play.pokemonshowdown.com\/sprites\/types\/Fairy.png" alt="Fairy" height="14" width="32"><\/span> <span style="float: left ; min-height: 26px"><span class="col abilitycol">Steam Engine \/ Wind-up Key<\/span><span class="col abilitycol"><\/span><\/span><\/li><li style="clear: both"><\/li><\/ul>
|raw|<ul class="utilichart"><li class="result"><span style="float: left ; min-height: 26px"><span class="col statcol"><em>HP<\/em><br>80<\/span> <span class="col statcol"><em>Atk<\/em><br>65<\/span> <span class="col statcol"><em>Def<\/em><br>95<\/span> <span class="col statcol"><em>SpA<\/em><br>105<\/span> <span class="col statcol"><em>SpD<\/em><br>70<\/span> <span class="col statcol"><em>Spe<\/em><br>100<\/span> <\/span><\/li><li style="clear: both"><\/li><\/ul>
|move|p1a: Togedemaru|Stealth Rock|p2a: Magearna-Prototype
|-sidestart|p2: Ainzcrad|move: Stealth Rock
|
|upkeep
|turn|3
|j|+Sticky Fingaa
|inactive|hariyana grande has 210 seconds left.
|
|t:|1686508414
|switch|p1a: Arcanine-Water Bal|Arcanine-Water Balloon, F|100\/100
|-start|p1a: Arcanine-Water Bal|typechange|Water\/Grass|[silent]
|move|p2a: Magearna-Prototype|Flamethrower|p1a: Arcanine-Water Bal
|-damage|p1a: Arcanine-Water Bal|76\/100
|
|upkeep
|turn|4
|
|t:|1686508425
|move|p2a: Magearna-Prototype|Volt Switch|p1a: Arcanine-Water Bal
|-damage|p1a: Arcanine-Water Bal|65\/100
|
|t:|1686508442
|switch|p2a: Calyrex-Mythic|Calyrex-Mythic|100\/100|[from]move: Volt Switch
|-start|p2a: Calyrex-Mythic|typechange|Dragon\/Fairy|[silent]
|raw|<ul class="utilichart"><li class="result"><span class="col pokemonnamecol" style="white-space: nowrap">Calyrex-Mythic<\/span> <span class="col typecol"><img src="https:\/\/play.pokemonshowdown.com\/sprites\/types\/Dragon.png" alt="Dragon" height="14" width="32"><img src="https:\/\/play.pokemonshowdown.com\/sprites\/types\/Fairy.png" alt="Fairy" height="14" width="32"><\/span> <span style="float: left ; min-height: 26px"><span class="col abilitycol">Dazzling \/ Aroma Veil \/ Rubber Armor<\/span><span class="col abilitycol"><\/span><\/span><\/li><li style="clear: both"><\/li><\/ul>
|raw|<ul class="utilichart"><li class="result"><span style="float: left ; min-height: 26px"><span class="col statcol"><em>HP<\/em><br>100<\/span> <span class="col statcol"><em>Atk<\/em><br>90<\/span> <span class="col statcol"><em>Def<\/em><br>90<\/span> <span class="col statcol"><em>SpA<\/em><br>90<\/span> <span class="col statcol"><em>SpD<\/em><br>90<\/span> <span class="col statcol"><em>Spe<\/em><br>80<\/span> <\/span><\/li><li style="clear: both"><\/li><\/ul>
|-ability|p2a: Calyrex-Mythic|Rubber Armor
|move|p1a: Arcanine-Water Bal|Flip Turn|p2a: Calyrex-Mythic
|-resisted|p2a: Calyrex-Mythic
|-damage|p2a: Calyrex-Mythic|96\/100
|
|t:|1686508460
|switch|p1a: Togedemaru|Togedemaru, F|100\/100|[from]move: Flip Turn
|-start|p1a: Togedemaru|typechange|Grass\/Steel|[silent]
|-damage|p1a: Togedemaru|94\/100|[from] Stealth Rock
|
|-heal|p1a: Togedemaru|100\/100|[from] item: Leftovers
|upkeep
|turn|5
|
|t:|1686508465
|switch|p2a: Magearna-Prototype|Magearna-Prototype, F|100\/100
|-start|p2a: Magearna-Prototype|typechange|Fire\/Fairy|[silent]
|move|p1a: Togedemaru|Leech Seed|p2a: Magearna-Prototype
|-start|p2a: Magearna-Prototype|move: Leech Seed
|
|-damage|p2a: Magearna-Prototype|88\/100|[from] Leech Seed|[of] p1a: Togedemaru
|upkeep
|turn|6
|
|t:|1686508475
|switch|p1a: Calyrex-Mythic|Calyrex-Mythic|100\/100
|-start|p1a: Calyrex-Mythic|typechange|Dragon\/Fairy|[silent]
|raw|<ul class="utilichart"><li class="result"><span class="col pokemonnamecol" style="white-space: nowrap">Calyrex-Mythic<\/span> <span class="col typecol"><img src="https:\/\/play.pokemonshowdown.com\/sprites\/types\/Dragon.png" alt="Dragon" height="14" width="32"><img src="https:\/\/play.pokemonshowdown.com\/sprites\/types\/Fairy.png" alt="Fairy" height="14" width="32"><\/span> <span style="float: left ; min-height: 26px"><span class="col abilitycol">Dazzling \/ Aroma Veil \/ Rubber Armor<\/span><span class="col abilitycol"><\/span><\/span><\/li><li style="clear: both"><\/li><\/ul>
|raw|<ul class="utilichart"><li class="result"><span style="float: left ; min-height: 26px"><span class="col statcol"><em>HP<\/em><br>100<\/span> <span class="col statcol"><em>Atk<\/em><br>90<\/span> <span class="col statcol"><em>Def<\/em><br>90<\/span> <span class="col statcol"><em>SpA<\/em><br>90<\/span> <span class="col statcol"><em>SpD<\/em><br>90<\/span> <span class="col statcol"><em>Spe<\/em><br>80<\/span> <\/span><\/li><li style="clear: both"><\/li><\/ul>
|-damage|p1a: Calyrex-Mythic|88\/100|[from] Stealth Rock
|-ability|p1a: Calyrex-Mythic|Rubber Armor
|move|p2a: Magearna-Prototype|Volt Switch|p1a: Calyrex-Mythic
|-resisted|p1a: Calyrex-Mythic
|-damage|p1a: Calyrex-Mythic|80\/100
|j|+Monai
|
|t:|1686508480
|switch|p2a: Rapidash-Galar|Rapidash-Galar, F|100\/100|[from]move: Volt Switch
|-damage|p2a: Rapidash-Galar|94\/100|[from] Stealth Rock
|-start|p2a: Rapidash-Galar|typechange|Ground\/Fairy|[silent]
|raw|<ul class="utilichart"><li class="result"><span class="col pokemonnamecol" style="white-space: nowrap">Rapidash-Galar<\/span> <span class="col typecol"><img src="https:\/\/play.pokemonshowdown.com\/sprites\/types\/Ground.png" alt="Ground" height="14" width="32"><img src="https:\/\/play.pokemonshowdown.com\/sprites\/types\/Fairy.png" alt="Fairy" height="14" width="32"><\/span> <span style="float: left ; min-height: 26px"><span class="col abilitycol">Anticipation \/ Poison Heal \/ Pastel Veil<\/span><span class="col abilitycol"><\/span><\/span><\/li><li style="clear: both"><\/li><\/ul>
|raw|<ul class="utilichart"><li class="result"><span style="float: left ; min-height: 26px"><span class="col statcol"><em>HP<\/em><br>95<\/span> <span class="col statcol"><em>Atk<\/em><br>90<\/span> <span class="col statcol"><em>Def<\/em><br>100<\/span> <span class="col statcol"><em>SpA<\/em><br>90<\/span> <span class="col statcol"><em>SpD<\/em><br>75<\/span> <span class="col statcol"><em>Spe<\/em><br>75<\/span> <\/span><\/li><li style="clear: both"><\/li><\/ul>
|
|-heal|p1a: Calyrex-Mythic|86\/100|[from] item: Leftovers
|-status|p2a: Rapidash-Galar|tox|[from] item: Toxic Orb
|upkeep
|turn|7
|inactive|hariyana grande has 210 seconds left.
|inactive|hariyana grande has 180 seconds left.
|
|t:|1686508523
|switch|p1a: Togedemaru|Togedemaru, F|100\/100
|-damage|p1a: Togedemaru|94\/100|[from] Stealth Rock
|-start|p1a: Togedemaru|typechange|Grass\/Steel|[silent]
|switch|p2a: Magearna-Prototype|Magearna-Prototype, F|88\/100
|-start|p2a: Magearna-Prototype|typechange|Fire\/Fairy|[silent]
|
|-heal|p1a: Togedemaru|100\/100|[from] item: Leftovers
|upkeep
|turn|8
|inactive|hariyana grande has 180 seconds left.
|inactive|hariyana grande has 150 seconds left.
|
|t:|1686508586
|switch|p1a: Arcanine-Water Bal|Arcanine-Water Balloon, F|65\/100
|-start|p1a: Arcanine-Water Bal|typechange|Water\/Grass|[silent]
|move|p2a: Magearna-Prototype|Volt Switch|p1a: Arcanine-Water Bal
|-damage|p1a: Arcanine-Water Bal|52\/100
|
|t:|1686508598
|switch|p2a: Braviary-Patriot|Braviary-Patriot, M|100\/100|[from]move: Volt Switch
|-start|p2a: Braviary-Patriot|typechange|Normal\/Flying|[silent]
|raw|<ul class="utilichart"><li class="result"><span class="col pokemonnamecol" style="white-space: nowrap">Braviary-Patriot<\/span> <span class="col typecol"><img src="https:\/\/play.pokemonshowdown.com\/sprites\/types\/Normal.png" alt="Normal" height="14" width="32"><img src="https:\/\/play.pokemonshowdown.com\/sprites\/types\/Flying.png" alt="Flying" height="14" width="32"><\/span> <span style="float: left ; min-height: 26px"><span class="col abilitycol">Defiant \/ Sheer Force \/ Battle-Scarred<\/span><span class="col abilitycol"><\/span><\/span><\/li><li style="clear: both"><\/li><\/ul>
|raw|<ul class="utilichart"><li class="result"><span style="float: left ; min-height: 26px"><span class="col statcol"><em>HP<\/em><br>105<\/span> <span class="col statcol"><em>Atk<\/em><br>120<\/span> <span class="col statcol"><em>Def<\/em><br>75<\/span> <span class="col statcol"><em>SpA<\/em><br>87<\/span> <span class="col statcol"><em>SpD<\/em><br>75<\/span> <span class="col statcol"><em>Spe<\/em><br>75<\/span> <\/span><\/li><li style="clear: both"><\/li><\/ul>
|-damage|p2a: Braviary-Patriot|76\/100|[from] Stealth Rock
|
|upkeep
|turn|9
|
|t:|1686508608
|switch|p1a: Togedemaru|Togedemaru, F|100\/100
|-start|p1a: Togedemaru|typechange|Grass\/Steel|[silent]
|-damage|p1a: Togedemaru|94\/100|[from] Stealth Rock
|move|p2a: Braviary-Patriot|U-turn|p1a: Togedemaru
|-damage|p1a: Togedemaru|77\/100
|-damage|p2a: Braviary-Patriot|63\/100|[from] ability: Spiky and Round|[of] p1a: Togedemaru
|
|t:|1686508610
|switch|p2a: Magearna-Prototype|Magearna-Prototype, F|88\/100|[from]move: U-turn
|-start|p2a: Magearna-Prototype|typechange|Fire\/Fairy|[silent]
|
|-heal|p1a: Togedemaru|83\/100|[from] item: Leftovers
|upkeep
|turn|10
|
|t:|1686508617
|switch|p1a: Calyrex-Mythic|Calyrex-Mythic|86\/100
|-start|p1a: Calyrex-Mythic|typechange|Dragon\/Fairy|[silent]
|-damage|p1a: Calyrex-Mythic|74\/100|[from] Stealth Rock
|-ability|p1a: Calyrex-Mythic|Rubber Armor
|move|p2a: Magearna-Prototype|Flamethrower|p1a: Calyrex-Mythic
|-resisted|p1a: Calyrex-Mythic
|-damage|p1a: Calyrex-Mythic|59\/100
|
|-heal|p1a: Calyrex-Mythic|65\/100|[from] item: Leftovers
|upkeep
|turn|11
|
|t:|1686508621
|move|p2a: Magearna-Prototype|Flash Cannon|p1a: Calyrex-Mythic
|-supereffective|p1a: Calyrex-Mythic
|-crit|p1a: Calyrex-Mythic
|-damage|p1a: Calyrex-Mythic|13\/100
|move|p1a: Calyrex-Mythic|Wish|p1a: Calyrex-Mythic
|
|-heal|p1a: Calyrex-Mythic|20\/100|[from] item: Leftovers
|upkeep
|turn|12
|
|t:|1686508627
|switch|p1a: Arcanine-Water Bal|Arcanine-Water Balloon, F|52\/100
|-start|p1a: Arcanine-Water Bal|typechange|Water\/Grass|[silent]
|move|p2a: Magearna-Prototype|Fleur Cannon|p1a: Arcanine-Water Bal
|-damage|p1a: Arcanine-Water Bal|17\/100
|-unboost|p2a: Magearna-Prototype|spa|2
|
|-heal|p1a: Arcanine-Water Bal|65\/100|[from] move: Wish|[wisher] Calyrex-Mythic
|upkeep
|turn|13
|
|t:|1686508631
|move|p2a: Magearna-Prototype|Volt Switch|p1a: Arcanine-Water Bal
|-damage|p1a: Arcanine-Water Bal|59\/100
|
|t:|1686508634
|switch|p2a: Calyrex-Mythic|Calyrex-Mythic|96\/100|[from]move: Volt Switch
|-start|p2a: Calyrex-Mythic|typechange|Dragon\/Fairy|[silent]
|-ability|p2a: Calyrex-Mythic|Rubber Armor
|move|p1a: Arcanine-Water Bal|Synthesis|p1a: Arcanine-Water Bal
|-heal|p1a: Arcanine-Water Bal|100\/100
|
|upkeep
|turn|14
|
|t:|1686508639
|move|p1a: Arcanine-Water Bal|Flip Turn|p2a: Calyrex-Mythic
|-resisted|p2a: Calyrex-Mythic
|-damage|p2a: Calyrex-Mythic|91\/100
|
|t:|1686508647
|switch|p1a: Togedemaru|Togedemaru, F|83\/100|[from]move: Flip Turn
|-damage|p1a: Togedemaru|77\/100|[from] Stealth Rock
|-start|p1a: Togedemaru|typechange|Grass\/Steel|[silent]
|move|p2a: Calyrex-Mythic|Moonblast|p1a: Togedemaru
|-resisted|p1a: Togedemaru
|-damage|p1a: Togedemaru|66\/100
|
|-heal|p1a: Togedemaru|72\/100|[from] item: Leftovers
|upkeep
|turn|15
|
|t:|1686508654
|switch|p2a: Togedemaru|Togedemaru, M|100\/100
|-start|p2a: Togedemaru|typechange|Grass\/Steel|[silent]
|-damage|p2a: Togedemaru|94\/100|[from] Stealth Rock
|move|p1a: Togedemaru|U-turn|p2a: Togedemaru
|-damage|p2a: Togedemaru|82\/100
|-damage|p1a: Togedemaru|60\/100|[from] ability: Spiky and Round|[of] p2a: Togedemaru
|
|t:|1686508665
|switch|p1a: Greninja-Ronin|Greninja-Ronin, M|100\/100|[from]move: U-turn
|-damage|p1a: Greninja-Ronin|88\/100|[from] Stealth Rock
|-start|p1a: Greninja-Ronin|typechange|Water\/Ghost|[silent]
|raw|<ul class="utilichart"><li class="result"><span class="col pokemonnamecol" style="white-space: nowrap">Greninja-Ronin<\/span> <span class="col typecol"><img src="https:\/\/play.pokemonshowdown.com\/sprites\/types\/Water.png" alt="Water" height="14" width="32"><img src="https:\/\/play.pokemonshowdown.com\/sprites\/types\/Ghost.png" alt="Ghost" height="14" width="32"><\/span> <span style="float: left ; min-height: 26px"><span class="col abilitycol">Sharpness \/ Moxie \/ Soul-Heart<\/span><span class="col abilitycol"><\/span><\/span><\/li><li style="clear: both"><\/li><\/ul>
|raw|<ul class="utilichart"><li class="result"><span style="float: left ; min-height: 26px"><span class="col statcol"><em>HP<\/em><br>92<\/span> <span class="col statcol"><em>Atk<\/em><br>102<\/span> <span class="col statcol"><em>Def<\/em><br>72<\/span> <span class="col statcol"><em>SpA<\/em><br>105<\/span> <span class="col statcol"><em>SpD<\/em><br>71<\/span> <span class="col statcol"><em>Spe<\/em><br>103<\/span> <\/span><\/li><li style="clear: both"><\/li><\/ul>
|
|-heal|p2a: Togedemaru|88\/100|[from] item: Leftovers
|upkeep
|turn|16
|l|+Monai
|inactive|Ainzcrad has 270 seconds left.
|
|t:|1686508723
|move|p1a: Greninja-Ronin|Sacred Sword|p2a: Togedemaru
|-supereffective|p2a: Togedemaru
|-damage|p2a: Togedemaru|0 fnt
|-damage|p1a: Greninja-Ronin|76\/100|[from] ability: Spiky and Round|[of] p2a: Togedemaru
|-damage|p1a: Greninja-Ronin|66\/100|[from] item: Life Orb
|faint|p2a: Togedemaru
|
|upkeep
|inactive|Ainzcrad has 240 seconds left.
|
|t:|1686508735
|switch|p2a: Calyrex-Mythic|Calyrex-Mythic|91\/100
|-start|p2a: Calyrex-Mythic|typechange|Dragon\/Fairy|[silent]
|-ability|p2a: Calyrex-Mythic|Rubber Armor
|turn|17
|
|t:|1686508745
|switch|p1a: Arcanine-Water Bal|Arcanine-Water Balloon, F|100\/100
|-start|p1a: Arcanine-Water Bal|typechange|Water\/Grass|[silent]
|switch|p2a: Samurott-Rogue|Samurott-Rogue, M|100\/100
|-start|p2a: Samurott-Rogue|typechange|Water\/Dark|[silent]
|raw|<ul class="utilichart"><li class="result"><span class="col pokemonnamecol" style="white-space: nowrap">Samurott-Rogue<\/span> <span class="col typecol"><img src="https:\/\/play.pokemonshowdown.com\/sprites\/types\/Water.png" alt="Water" height="14" width="32"><img src="https:\/\/play.pokemonshowdown.com\/sprites\/types\/Dark.png" alt="Dark" height="14" width="32"><\/span> <span style="float: left ; min-height: 26px"><span class="col abilitycol">Torrent \/ Water Veil \/ Defiant<\/span><span class="col abilitycol"><\/span><\/span><\/li><li style="clear: both"><\/li><\/ul>
|raw|<ul class="utilichart"><li class="result"><span style="float: left ; min-height: 26px"><span class="col statcol"><em>HP<\/em><br>90<\/span> <span class="col statcol"><em>Atk<\/em><br>118<\/span> <span class="col statcol"><em>Def<\/em><br>80<\/span> <span class="col statcol"><em>SpA<\/em><br>95<\/span> <span class="col statcol"><em>SpD<\/em><br>77<\/span> <span class="col statcol"><em>Spe<\/em><br>80<\/span> <\/span><\/li><li style="clear: both"><\/li><\/ul>
|-damage|p2a: Samurott-Rogue|88\/100|[from] Stealth Rock
|
|upkeep
|turn|18
|
|t:|1686508751
|move|p2a: Samurott-Rogue|Ceaseless Edge||[still]
|-anim|p2a: Samurott-Rogue|Night Slash|p1a: Arcanine-Water Bal
|-damage|p1a: Arcanine-Water Bal|51\/100
|-damage|p2a: Samurott-Rogue|78\/100|[from] item: Life Orb
|move|p1a: Arcanine-Water Bal|Giga Drain|p2a: Samurott-Rogue
|-supereffective|p2a: Samurott-Rogue
|-damage|p2a: Samurott-Rogue|5\/100
|-heal|p1a: Arcanine-Water Bal|79\/100|[from] drain|[of] p2a: Samurott-Rogue
|
|upkeep
|turn|19
|
|t:|1686508766
|move|p2a: Samurott-Rogue|Ceaseless Edge||[still]
|-anim|p2a: Samurott-Rogue|Night Slash|p1a: Arcanine-Water Bal
|-damage|p1a: Arcanine-Water Bal|32\/100
|-damage|p2a: Samurott-Rogue|0 fnt|[from] item: Life Orb
|faint|p2a: Samurott-Rogue
|move|p1a: Arcanine-Water Bal|Synthesis|p1a: Arcanine-Water Bal
|-heal|p1a: Arcanine-Water Bal|82\/100
|
|upkeep
|
|t:|1686508775
|switch|p2a: Rapidash-Galar|Rapidash-Galar, F|94\/100 tox
|-damage|p2a: Rapidash-Galar|88\/100 tox|[from] Stealth Rock
|-start|p2a: Rapidash-Galar|typechange|Ground\/Fairy|[silent]
|turn|20
|inactive|hariyana grande has 210 seconds left.
|
|t:|1686508788
|move|p1a: Arcanine-Water Bal|Flip Turn|p2a: Rapidash-Galar
|-supereffective|p2a: Rapidash-Galar
|-damage|p2a: Rapidash-Galar|64\/100 tox
|
|t:|1686508790
|switch|p1a: Togedemaru|Togedemaru, F|60\/100|[from]move: Flip Turn
|-damage|p1a: Togedemaru|54\/100|[from] Stealth Rock
|-start|p1a: Togedemaru|typechange|Grass\/Steel|[silent]
|move|p2a: Rapidash-Galar|Nasty Plot|p2a: Rapidash-Galar
|-boost|p2a: Rapidash-Galar|spa|2
|
|-heal|p1a: Togedemaru|60\/100|[from] item: Leftovers
|-heal|p2a: Rapidash-Galar|76\/100 tox|[from] ability: Poison Heal
|upkeep
|turn|21
|
|t:|1686508793
|move|p1a: Togedemaru|Power Whip|p2a: Rapidash-Galar
|-supereffective|p2a: Rapidash-Galar
|-damage|p2a: Rapidash-Galar|12\/100 tox
|move|p2a: Rapidash-Galar|Earth Power|p1a: Togedemaru
|-damage|p1a: Togedemaru|5\/100
|
|-heal|p1a: Togedemaru|11\/100|[from] item: Leftovers
|-heal|p2a: Rapidash-Galar|25\/100 tox|[from] ability: Poison Heal
|upkeep
|turn|22
|
|t:|1686508803
|move|p1a: Togedemaru|Power Whip|p2a: Rapidash-Galar
|-supereffective|p2a: Rapidash-Galar
|-damage|p2a: Rapidash-Galar|0 fnt
|faint|p2a: Rapidash-Galar
|
|-heal|p1a: Togedemaru|17\/100|[from] item: Leftovers
|upkeep
|
|t:|1686508806
|switch|p2a: Magearna-Prototype|Magearna-Prototype, F|88\/100
|-start|p2a: Magearna-Prototype|typechange|Fire\/Fairy|[silent]
|turn|23
|j|+Monai
|inactive|hariyana grande has 240 seconds left.
|
|t:|1686508812
|move|p1a: Togedemaru|U-turn|p2a: Magearna-Prototype
|-resisted|p2a: Magearna-Prototype
|-damage|p2a: Magearna-Prototype|85\/100
|inactive|hariyana grande has 240 seconds left.
|
|t:|1686508840
|switch|p1a: Calyrex-Mythic|Calyrex-Mythic|20\/100|[from]move: U-turn
|-damage|p1a: Calyrex-Mythic|7\/100|[from] Stealth Rock
|-start|p1a: Calyrex-Mythic|typechange|Dragon\/Fairy|[silent]
|-ability|p1a: Calyrex-Mythic|Rubber Armor
|move|p2a: Magearna-Prototype|Flamethrower|p1a: Calyrex-Mythic
|-resisted|p1a: Calyrex-Mythic
|-damage|p1a: Calyrex-Mythic|0 fnt
|faint|p1a: Calyrex-Mythic
|
|upkeep
|inactive|hariyana grande has 210 seconds left.
|
|t:|1686508866
|switch|p1a: Basculectric|Basculectric, F|100\/100
|-start|p1a: Basculectric|typechange|Water\/Electric|[silent]
|raw|<ul class="utilichart"><li class="result"><span class="col pokemonnamecol" style="white-space: nowrap">Basculectric<\/span> <span class="col typecol"><img src="https:\/\/play.pokemonshowdown.com\/sprites\/types\/Water.png" alt="Water" height="14" width="32"><img src="https:\/\/play.pokemonshowdown.com\/sprites\/types\/Electric.png" alt="Electric" height="14" width="32"><\/span> <span style="float: left ; min-height: 26px"><span class="col abilitycol">Volt Absorb \/ Speed Boost \/ Mold Breaker<\/span><span class="col abilitycol"><\/span><\/span><\/li><li style="clear: both"><\/li><\/ul>
|raw|<ul class="utilichart"><li class="result"><span style="float: left ; min-height: 26px"><span class="col statcol"><em>HP<\/em><br>80<\/span> <span class="col statcol"><em>Atk<\/em><br>90<\/span> <span class="col statcol"><em>Def<\/em><br>80<\/span> <span class="col statcol"><em>SpA<\/em><br>110<\/span> <span class="col statcol"><em>SpD<\/em><br>80<\/span> <span class="col statcol"><em>Spe<\/em><br>70<\/span> <\/span><\/li><li style="clear: both"><\/li><\/ul>
|-damage|p1a: Basculectric|88\/100|[from] Stealth Rock
|turn|24
|
|t:|1686508869
|switch|p2a: Calyrex-Mythic|Calyrex-Mythic|91\/100
|-start|p2a: Calyrex-Mythic|typechange|Dragon\/Fairy|[silent]
|-ability|p2a: Calyrex-Mythic|Rubber Armor
|move|p1a: Basculectric|Hydro Pump|p2a: Calyrex-Mythic
|-resisted|p2a: Calyrex-Mythic
|-damage|p2a: Calyrex-Mythic|56\/100
|-damage|p1a: Basculectric|78\/100|[from] item: Life Orb
|
|-ability|p1a: Basculectric|Speed Boost|boost
|-boost|p1a: Basculectric|spe|1
|upkeep
|turn|25
|
|t:|1686508877
|move|p1a: Basculectric|Ice Beam|p2a: Calyrex-Mythic
|-supereffective|p2a: Calyrex-Mythic
|-damage|p2a: Calyrex-Mythic|0 fnt
|-damage|p1a: Basculectric|68\/100|[from] item: Life Orb
|faint|p2a: Calyrex-Mythic
|
|-ability|p1a: Basculectric|Speed Boost|boost
|-boost|p1a: Basculectric|spe|1
|upkeep
|
|t:|1686508881
|switch|p2a: Braviary-Patriot|Braviary-Patriot, M|63\/100
|-damage|p2a: Braviary-Patriot|39\/100|[from] Stealth Rock
|-start|p2a: Braviary-Patriot|typechange|Normal\/Flying|[silent]
|turn|26
|
|t:|1686508886
|switch|p1a: Togedemaru|Togedemaru, F|17\/100
|-damage|p1a: Togedemaru|11\/100|[from] Stealth Rock
|-start|p1a: Togedemaru|typechange|Grass\/Steel|[silent]
|move|p2a: Braviary-Patriot|Extreme Speed|p1a: Togedemaru
|-resisted|p1a: Togedemaru
|-damage|p1a: Togedemaru|0 fnt
|-damage|p2a: Braviary-Patriot|26\/100|[from] ability: Spiky and Round|[of] p1a: Togedemaru
|faint|p1a: Togedemaru
|
|upkeep
|
|t:|1686508890
|switch|p1a: Pikachu-World|Pikachu-World, M|100\/100
|-start|p1a: Pikachu-World|typechange|Electric|[silent]
|raw|<ul class="utilichart"><li class="result"><span class="col pokemonnamecol" style="white-space: nowrap">Pikachu-World<\/span> <span class="col typecol"><img src="https:\/\/play.pokemonshowdown.com\/sprites\/types\/Electric.png" alt="Electric" height="14" width="32"><\/span> <span style="float: left ; min-height: 26px"><span class="col abilitycol">Pastel Veil \/ Libero<\/span><span class="col abilitycol"><\/span><\/span><\/li><li style="clear: both"><\/li><\/ul>
|raw|<ul class="utilichart"><li class="result"><span style="float: left ; min-height: 26px"><span class="col statcol"><em>HP<\/em><br>80<\/span> <span class="col statcol"><em>Atk<\/em><br>100<\/span> <span class="col statcol"><em>Def<\/em><br>70<\/span> <span class="col statcol"><em>SpA<\/em><br>100<\/span> <span class="col statcol"><em>SpD<\/em><br>70<\/span> <span class="col statcol"><em>Spe<\/em><br>117<\/span> <\/span><\/li><li style="clear: both"><\/li><\/ul>
|turn|27
|
|t:|1686508894
|move|p2a: Braviary-Patriot|Extreme Speed|p1a: Pikachu-World
|-damage|p1a: Pikachu-World|44\/100
|move|p1a: Pikachu-World|Volt Tackle|p2a: Braviary-Patriot
|-supereffective|p2a: Braviary-Patriot
|-damage|p2a: Braviary-Patriot|0 fnt
|-damage|p1a: Pikachu-World|34\/100|[from] Recoil
|faint|p2a: Braviary-Patriot
|
|upkeep
|
|t:|1686508896
|switch|p2a: Magearna-Prototype|Magearna-Prototype, F|85\/100
|-start|p2a: Magearna-Prototype|typechange|Fire\/Fairy|[silent]
|turn|28
|
|t:|1686508902
|move|p1a: Pikachu-World|Volt Tackle|p2a: Magearna-Prototype
|-damage|p2a: Magearna-Prototype|34\/100
|-damage|p1a: Pikachu-World|14\/100|[from] Recoil
|move|p2a: Magearna-Prototype|Flamethrower|p1a: Pikachu-World
|-damage|p1a: Pikachu-World|0 fnt
|faint|p1a: Pikachu-World
|
|upkeep
|
|t:|1686508906
|switch|p1a: Greninja-Ronin|Greninja-Ronin, M|66\/100
|-start|p1a: Greninja-Ronin|typechange|Water\/Ghost|[silent]
|-damage|p1a: Greninja-Ronin|54\/100|[from] Stealth Rock
|turn|29
|
|t:|1686508909
|move|p1a: Greninja-Ronin|Aqua Cutter||[still]
|-anim|p1a: Greninja-Ronin|Air Slash|p2a: Magearna-Prototype
|-supereffective|p2a: Magearna-Prototype
|-damage|p2a: Magearna-Prototype|0 fnt
|-damage|p1a: Greninja-Ronin|44\/100|[from] item: Life Orb
|faint|p2a: Magearna-Prototype
|
|win|hariyana grande
|c|☆hariyana grande|gg
|c|☆Ainzcrad|gg
</script>
</div>
<div class="battle-log battle-log-inline"><div class="inner"><div class="battle-options"></div><div class="inner message-log"><div class="chat"><small>☆hariyana grande and ☆Ainzcrad joined</small></div><div class=""><small>Format:</small> <br><strong>[Gen 8] Alternatium EX</strong></div><div class=""><small><em>HP Percentage Mod:</em> HP is shown in percentages</small></div><div class=""><small><em>Endless Battle Clause:</em> Forcing endless battles is banned</small></div><div class=""><small><em>OHKO Clause:</em> OHKO moves are banned</small></div><div class=""><small><em>Evasion Moves Clause:</em> Evasion moves are banned</small></div><div class=""><small><em>Dynamax Clause:</em> You cannot dynamax</small></div><div class=""><small><em>Sleep Clause Mod:</em> Limit one foe put to sleep</small></div><div class=""><small><em>Z-Move Clause:</em> Z-Moves are banned</small></div><div class="chat battle-history"><strong>hariyana grande's team:</strong> <em style="color:#445566;display:block;">Greninja-Ronin / Basculectric / Arcanine-Water Balloon / Calyrex-Mythic / Pikachu-World / Togedemaru</em></div><div class="chat battle-history"><strong>Ainzcrad's team:</strong> <em style="color:#445566;display:block;">Samurott-Rogue / Calyrex-Mythic / Togedemaru / Rapidash-Galar / Magearna-Prototype / Braviary-Patriot</em></div><div class="chat message-error">Battle timer is ON: inactive players will automatically lose when time's up. (requested by hariyana grande)</div><div class="chat chatmessage-ainzcrad"><strong style="color:#9f1fd6"><small>☆</small><span class="username" data-name="Ainzcrad">Ainzcrad</span>:</strong> <em>hf</em></div><div class="chat chatmessage-hariyanagrande"><strong style="color:#38b1b5"><small>☆</small><span class="username" data-name="hariyana grande">hariyana grande</span>:</strong> <em>glhf</em></div><div class="chat message-error">hariyana grande has 270 seconds left.</div><div class="chat message-error">Ainzcrad has 270 seconds left.</div><div class="chat message-error">hariyana grande has 240 seconds left.</div><div class="chat message-error">Ainzcrad has 240 seconds left.</div><div class="chat message-error">hariyana grande has 210 seconds left.</div><div class="chat message-error">hariyana grande has 180 seconds left.</div><div class="chat chatmessage-hariyanagrande"><strong style="color:#38b1b5"><small>☆</small><span class="username" data-name="hariyana grande">hariyana grande</span>:</strong> <em>sorry i gotta look up all this shit</em></div><div class="chat chatmessage-hariyanagrande"><strong style="color:#38b1b5"><small>☆</small><span class="username" data-name="hariyana grande">hariyana grande</span>:</strong> <em>u know how it is</em></div><div class="spacer battle-history"><br></div><div class="battle-history">Battle started between hariyana grande and Ainzcrad!<br></div><div class="spacer battle-history"><br></div><div class="battle-history">Go! Arcanine-Water Bal (<strong>Arcanine-Water Balloon</strong>)!<br></div><div class="spacer battle-history"><br></div><div class="battle-history">Ainzcrad sent out <strong>Togedemaru</strong>!<br></div><div class="chat"><ul class="utilichart"><li class="result"><span class="col pokemonnamecol">Togedemaru</span> <span class="col typecol"><img src="https://play.pokemonshowdown.com/sprites/types/Grass.png" alt="Grass" width="32" height="14"><img src="https://play.pokemonshowdown.com/sprites/types/Steel.png" alt="Steel" width="32" height="14"></span> <span><span class="col abilitycol">Spiky and Round</span><span class="col abilitycol"></span></span></li><li></li></ul></div><div class="chat"><ul class="utilichart"><li class="result"><span><span class="col statcol"><em>HP</em><br>70</span> <span class="col statcol"><em>Atk</em><br>90</span> <span class="col statcol"><em>Def</em><br>126</span> <span class="col statcol"><em>SpA</em><br>44</span> <span class="col statcol"><em>SpD</em><br>100</span> <span class="col statcol"><em>Spe</em><br>100</span> </span></li><li></li></ul></div><div class="chat"><ul class="utilichart"><li class="result"><span class="col pokemonnamecol">Arcanine-Water Balloon</span> <span class="col typecol"><img src="https://play.pokemonshowdown.com/sprites/types/Water.png" alt="Water" width="32" height="14"><img src="https://play.pokemonshowdown.com/sprites/types/Grass.png" alt="Grass" width="32" height="14"></span> <span><span class="col abilitycol">Bubble Mane</span><span class="col abilitycol"></span></span></li><li></li></ul></div><div class="chat"><ul class="utilichart"><li class="result"><span><span class="col statcol"><em>HP</em><br>110</span> <span class="col statcol"><em>Atk</em><br>75</span> <span class="col statcol"><em>Def</em><br>92</span> <span class="col statcol"><em>SpA</em><br>105</span> <span class="col statcol"><em>SpD</em><br>70</span> <span class="col statcol"><em>Spe</em><br>88</span> </span></li><li></li></ul></div><div class="spacer battle-history"><br></div><h2 class="battle-history">Turn 1</h2><div class="chat chatmessage-ainzcrad"><strong style="color:#9f1fd6"><small>☆</small><span class="username" data-name="Ainzcrad">Ainzcrad</span>:</strong> <em>dww same</em></div><div class="spacer battle-history"><br></div><div class="battle-history">Arcanine-Water Bal, come back!<br></div><div class="battle-history">Go! <strong>Togedemaru</strong>!<br></div><div class="chat"><ul class="utilichart"><li class="result"><span class="col pokemonnamecol">Togedemaru</span> <span class="col typecol"><img src="https://play.pokemonshowdown.com/sprites/types/Grass.png" alt="Grass" width="32" height="14"><img src="https://play.pokemonshowdown.com/sprites/types/Steel.png" alt="Steel" width="32" height="14"></span> <span><span class="col abilitycol">Spiky and Round</span><span class="col abilitycol"></span></span></li><li></li></ul></div><div class="chat"><ul class="utilichart"><li class="result"><span><span class="col statcol"><em>HP</em><br>70</span> <span class="col statcol"><em>Atk</em><br>90</span> <span class="col statcol"><em>Def</em><br>126</span> <span class="col statcol"><em>SpA</em><br>44</span> <span class="col statcol"><em>SpD</em><br>100</span> <span class="col statcol"><em>Spe</em><br>100</span> </span></li><li></li></ul></div><div class="spacer battle-history"><br></div><div class="battle-history">The opposing Togedemaru used <strong>Stealth Rock</strong>!<br></div><div class="battle-history"><small>Pointed stones float in the air around your team!</small><br></div><div class="spacer battle-history"><br></div><h2 class="battle-history">Turn 2</h2><div class="spacer battle-history"><br></div><div class="battle-history">Ainzcrad withdrew Togedemaru!<br></div><div class="battle-history">Ainzcrad sent out <strong>Magearna-Prototype</strong>!<br></div><div class="chat"><ul class="utilichart"><li class="result"><span class="col pokemonnamecol">Magearna-Prototype</span> <span class="col typecol"><img src="https://play.pokemonshowdown.com/sprites/types/Fire.png" alt="Fire" width="32" height="14"><img src="https://play.pokemonshowdown.com/sprites/types/Fairy.png" alt="Fairy" width="32" height="14"></span> <span><span class="col abilitycol">Steam Engine / Wind-up Key</span><span class="col abilitycol"></span></span></li><li></li></ul></div><div class="chat"><ul class="utilichart"><li class="result"><span><span class="col statcol"><em>HP</em><br>80</span> <span class="col statcol"><em>Atk</em><br>65</span> <span class="col statcol"><em>Def</em><br>95</span> <span class="col statcol"><em>SpA</em><br>105</span> <span class="col statcol"><em>SpD</em><br>70</span> <span class="col statcol"><em>Spe</em><br>100</span> </span></li><li></li></ul></div><div class="spacer battle-history"><br></div><div class="battle-history">Togedemaru used <strong>Stealth Rock</strong>!<br></div><div class="battle-history"><small>Pointed stones float in the air around the opposing team!</small><br></div><div class="spacer battle-history"><br></div><h2 class="battle-history">Turn 3</h2><div class="chat"><small>+Sticky Fingaa joined</small></div><div class="chat message-error">hariyana grande has 210 seconds left.</div><div class="spacer battle-history"><br></div><div class="battle-history">Togedemaru, come back!<br></div><div class="battle-history">Go! Arcanine-Water Bal (<strong>Arcanine-Water Balloon</strong>)!<br></div><div class="spacer battle-history"><br></div><div class="battle-history">The opposing Magearna-Prototype used <strong>Flamethrower</strong>!<br></div><div class="battle-history"><small>(Arcanine-Water Bal lost 24% of its health!)</small><br></div><div class="spacer battle-history"><br></div><h2 class="battle-history">Turn 4</h2><div class="spacer battle-history"><br></div><div class="battle-history">The opposing Magearna-Prototype used <strong>Volt Switch</strong>!<br></div><div class="battle-history"><small>(Arcanine-Water Bal lost 11% of its health!)</small><br></div><div class="spacer battle-history"><br></div><div class="battle-history">The opposing Magearna-Prototype went back to Ainzcrad!<br></div><div class="battle-history">Ainzcrad sent out <strong>Calyrex-Mythic</strong>!<br></div><div class="chat"><ul class="utilichart"><li class="result"><span class="col pokemonnamecol">Calyrex-Mythic</span> <span class="col typecol"><img src="https://play.pokemonshowdown.com/sprites/types/Dragon.png" alt="Dragon" width="32" height="14"><img src="https://play.pokemonshowdown.com/sprites/types/Fairy.png" alt="Fairy" width="32" height="14"></span> <span><span class="col abilitycol">Dazzling / Aroma Veil / Rubber Armor</span><span class="col abilitycol"></span></span></li><li></li></ul></div><div class="chat"><ul class="utilichart"><li class="result"><span><span class="col statcol"><em>HP</em><br>100</span> <span class="col statcol"><em>Atk</em><br>90</span> <span class="col statcol"><em>Def</em><br>90</span> <span class="col statcol"><em>SpA</em><br>90</span> <span class="col statcol"><em>SpD</em><br>90</span> <span class="col statcol"><em>Spe</em><br>80</span> </span></li><li></li></ul></div><div class="battle-history">[The opposing Calyrex-Mythic's Rubber Armor]<br></div><div class="spacer battle-history"><br></div><div class="battle-history">Arcanine-Water Bal used <strong>Flip Turn</strong>!<br></div><div class="battle-history"><small>It's not very effective...</small><br></div><div class="battle-history"><small>(The opposing Calyrex-Mythic lost 4% of its health!)</small><br></div><div class="spacer battle-history"><br></div><div class="battle-history">Arcanine-Water Bal went back to hariyana grande!<br></div><div class="battle-history">Go! <strong>Togedemaru</strong>!<br></div><div class="battle-history"><small>Pointed stones dug into Togedemaru!</small><br></div><div class="spacer battle-history"><br></div><div class="battle-history"><small>Togedemaru restored a little HP using its Leftovers!</small><br></div><div class="spacer battle-history"><br></div><h2 class="battle-history">Turn 5</h2><div class="spacer battle-history"><br></div><div class="battle-history">Ainzcrad withdrew Calyrex-Mythic!<br></div><div class="battle-history">Ainzcrad sent out <strong>Magearna-Prototype</strong>!<br></div><div class="spacer battle-history"><br></div><div class="battle-history">Togedemaru used <strong>Leech Seed</strong>!<br></div><div class="battle-history"><small>The opposing Magearna-Prototype was seeded!</small><br></div><div class="spacer battle-history"><br></div><div class="battle-history"><small>The opposing Magearna-Prototype's health is sapped by Leech Seed!</small><br></div><div class="spacer battle-history"><br></div><h2 class="battle-history">Turn 6</h2><div class="spacer battle-history"><br></div><div class="battle-history">Togedemaru, come back!<br></div><div class="battle-history">Go! <strong>Calyrex-Mythic</strong>!<br></div><div class="chat"><ul class="utilichart"><li class="result"><span class="col pokemonnamecol">Calyrex-Mythic</span> <span class="col typecol"><img src="https://play.pokemonshowdown.com/sprites/types/Dragon.png" alt="Dragon" width="32" height="14"><img src="https://play.pokemonshowdown.com/sprites/types/Fairy.png" alt="Fairy" width="32" height="14"></span> <span><span class="col abilitycol">Dazzling / Aroma Veil / Rubber Armor</span><span class="col abilitycol"></span></span></li><li></li></ul></div><div class="chat"><ul class="utilichart"><li class="result"><span><span class="col statcol"><em>HP</em><br>100</span> <span class="col statcol"><em>Atk</em><br>90</span> <span class="col statcol"><em>Def</em><br>90</span> <span class="col statcol"><em>SpA</em><br>90</span> <span class="col statcol"><em>SpD</em><br>90</span> <span class="col statcol"><em>Spe</em><br>80</span> </span></li><li></li></ul></div><div class="battle-history"><small>Pointed stones dug into Calyrex-Mythic!</small><br></div><div class="battle-history">[Calyrex-Mythic's Rubber Armor]<br></div><div class="spacer battle-history"><br></div><div class="battle-history">The opposing Magearna-Prototype used <strong>Volt Switch</strong>!<br></div><div class="battle-history"><small>It's not very effective...</small><br></div><div class="battle-history"><small>(Calyrex-Mythic lost 8% of its health!)</small><br></div><div class="chat"><small>+Monai joined</small></div><div class="spacer battle-history"><br></div><div class="battle-history">The opposing Magearna-Prototype went back to Ainzcrad!<br></div><div class="battle-history">Ainzcrad sent out <strong>Rapidash-Galar</strong>!<br></div><div class="battle-history"><small>Pointed stones dug into the opposing Rapidash-Galar!</small><br></div><div class="chat"><ul class="utilichart"><li class="result"><span class="col pokemonnamecol">Rapidash-Galar</span> <span class="col typecol"><img src="https://play.pokemonshowdown.com/sprites/types/Ground.png" alt="Ground" width="32" height="14"><img src="https://play.pokemonshowdown.com/sprites/types/Fairy.png" alt="Fairy" width="32" height="14"></span> <span><span class="col abilitycol">Anticipation / Poison Heal / Pastel Veil</span><span class="col abilitycol"></span></span></li><li></li></ul></div><div class="chat"><ul class="utilichart"><li class="result"><span><span class="col statcol"><em>HP</em><br>95</span> <span class="col statcol"><em>Atk</em><br>90</span> <span class="col statcol"><em>Def</em><br>100</span> <span class="col statcol"><em>SpA</em><br>90</span> <span class="col statcol"><em>SpD</em><br>75</span> <span class="col statcol"><em>Spe</em><br>75</span> </span></li><li></li></ul></div><div class="spacer battle-history"><br></div><div class="battle-history"><small>Calyrex-Mythic restored a little HP using its Leftovers!</small><br></div><div class="battle-history"><small>The opposing Rapidash-Galar was badly poisoned!</small><br></div><div class="spacer battle-history"><br></div><h2 class="battle-history">Turn 7</h2><div class="chat message-error">hariyana grande has 210 seconds left.</div><div class="chat message-error">hariyana grande has 180 seconds left.</div><div class="spacer battle-history"><br></div><div class="battle-history">Calyrex-Mythic, come back!<br></div><div class="battle-history">Go! <strong>Togedemaru</strong>!<br></div><div class="battle-history"><small>Pointed stones dug into Togedemaru!</small><br></div><div class="spacer battle-history"><br></div><div class="battle-history">Ainzcrad withdrew Rapidash-Galar!<br></div><div class="battle-history">Ainzcrad sent out <strong>Magearna-Prototype</strong>!<br></div><div class="spacer battle-history"><br></div><div class="battle-history"><small>Togedemaru restored a little HP using its Leftovers!</small><br></div><div class="spacer battle-history"><br></div><h2 class="battle-history">Turn 8</h2><div class="chat message-error">hariyana grande has 180 seconds left.</div><div class="chat message-error">hariyana grande has 150 seconds left.</div><div class="spacer battle-history"><br></div><div class="battle-history">Togedemaru, come back!<br></div><div class="battle-history">Go! Arcanine-Water Bal (<strong>Arcanine-Water Balloon</strong>)!<br></div><div class="spacer battle-history"><br></div><div class="battle-history">The opposing Magearna-Prototype used <strong>Volt Switch</strong>!<br></div><div class="battle-history"><small>(Arcanine-Water Bal lost 13% of its health!)</small><br></div><div class="spacer battle-history"><br></div><div class="battle-history">The opposing Magearna-Prototype went back to Ainzcrad!<br></div><div class="battle-history">Ainzcrad sent out <strong>Braviary-Patriot</strong>!<br></div><div class="chat"><ul class="utilichart"><li class="result"><span class="col pokemonnamecol">Braviary-Patriot</span> <span class="col typecol"><img src="https://play.pokemonshowdown.com/sprites/types/Normal.png" alt="Normal" width="32" height="14"><img src="https://play.pokemonshowdown.com/sprites/types/Flying.png" alt="Flying" width="32" height="14"></span> <span><span class="col abilitycol">Defiant / Sheer Force / Battle-Scarred</span><span class="col abilitycol"></span></span></li><li></li></ul></div><div class="chat"><ul class="utilichart"><li class="result"><span><span class="col statcol"><em>HP</em><br>105</span> <span class="col statcol"><em>Atk</em><br>120</span> <span class="col statcol"><em>Def</em><br>75</span> <span class="col statcol"><em>SpA</em><br>87</span> <span class="col statcol"><em>SpD</em><br>75</span> <span class="col statcol"><em>Spe</em><br>75</span> </span></li><li></li></ul></div><div class="battle-history"><small>Pointed stones dug into the opposing Braviary-Patriot!</small><br></div><div class="spacer battle-history"><br></div><h2 class="battle-history">Turn 9</h2><div class="spacer battle-history"><br></div><div class="battle-history">Arcanine-Water Bal, come back!<br></div><div class="battle-history">Go! <strong>Togedemaru</strong>!<br></div><div class="battle-history"><small>Pointed stones dug into Togedemaru!</small><br></div><div class="spacer battle-history"><br></div><div class="battle-history">The opposing Braviary-Patriot used <strong>U-turn</strong>!<br></div><div class="battle-history"><small>(Togedemaru lost 17% of its health!)</small><br></div><div class="battle-history">[Togedemaru's Spiky and Round]<br><small>(The opposing Braviary-Patriot was hurt!)</small><br></div><div class="spacer battle-history"><br></div><div class="battle-history">The opposing Braviary-Patriot went back to Ainzcrad!<br></div><div class="battle-history">Ainzcrad sent out <strong>Magearna-Prototype</strong>!<br></div><div class="spacer battle-history"><br></div><div class="battle-history"><small>Togedemaru restored a little HP using its Leftovers!</small><br></div><div class="spacer battle-history"><br></div><h2 class="battle-history">Turn 10</h2><div class="spacer battle-history"><br></div><div class="battle-history">Togedemaru, come back!<br></div><div class="battle-history">Go! <strong>Calyrex-Mythic</strong>!<br></div><div class="battle-history"><small>Pointed stones dug into Calyrex-Mythic!</small><br></div><div class="battle-history">[Calyrex-Mythic's Rubber Armor]<br></div><div class="spacer battle-history"><br></div><div class="battle-history">The opposing Magearna-Prototype used <strong>Flamethrower</strong>!<br></div><div class="battle-history"><small>It's not very effective...</small><br></div><div class="battle-history"><small>(Calyrex-Mythic lost 15% of its health!)</small><br></div><div class="spacer battle-history"><br></div><div class="battle-history"><small>Calyrex-Mythic restored a little HP using its Leftovers!</small><br></div><div class="spacer battle-history"><br></div><h2 class="battle-history">Turn 11</h2><div class="spacer battle-history"><br></div><div class="battle-history">The opposing Magearna-Prototype used <strong>Flash Cannon</strong>!<br></div><div class="battle-history"><small>It's super effective!</small><br></div><div class="battle-history"><small>A critical hit!</small><br></div><div class="battle-history"><small>(Calyrex-Mythic lost 52% of its health!)</small><br></div><div class="spacer battle-history"><br></div><div class="battle-history">Calyrex-Mythic used <strong>Wish</strong>!<br></div><div class="spacer battle-history"><br></div><div class="battle-history"><small>Calyrex-Mythic restored a little HP using its Leftovers!</small><br></div><div class="spacer battle-history"><br></div><h2 class="battle-history">Turn 12</h2><div class="spacer battle-history"><br></div><div class="battle-history">Calyrex-Mythic, come back!<br></div><div class="battle-history">Go! Arcanine-Water Bal (<strong>Arcanine-Water Balloon</strong>)!<br></div><div class="spacer battle-history"><br></div><div class="battle-history">The opposing Magearna-Prototype used <strong>Fleur Cannon</strong>!<br></div><div class="battle-history"><small>(Arcanine-Water Bal lost 35% of its health!)</small><br></div><div class="battle-history"><small>The opposing Magearna-Prototype's Sp. Atk fell harshly!</small><br></div><div class="spacer battle-history"><br></div><div class="battle-history"><small>Calyrex-Mythic's wish came true!</small><br></div><div class="spacer battle-history"><br></div><h2 class="battle-history">Turn 13</h2><div class="spacer battle-history"><br></div><div class="battle-history">The opposing Magearna-Prototype used <strong>Volt Switch</strong>!<br></div><div class="battle-history"><small>(Arcanine-Water Bal lost 6% of its health!)</small><br></div><div class="spacer battle-history"><br></div><div class="battle-history">The opposing Magearna-Prototype went back to Ainzcrad!<br></div><div class="battle-history">Ainzcrad sent out <strong>Calyrex-Mythic</strong>!<br></div><div class="battle-history">[The opposing Calyrex-Mythic's Rubber Armor]<br></div><div class="spacer battle-history"><br></div><div class="battle-history">Arcanine-Water Bal used <strong>Synthesis</strong>!<br></div><div class="battle-history"><small>Arcanine-Water Bal had its HP restored.</small><br></div><div class="spacer battle-history"><br></div><h2 class="battle-history">Turn 14</h2><div class="spacer battle-history"><br></div><div class="battle-history">Arcanine-Water Bal used <strong>Flip Turn</strong>!<br></div><div class="battle-history"><small>It's not very effective...</small><br></div><div class="battle-history"><small>(The opposing Calyrex-Mythic lost 5% of its health!)</small><br></div><div class="spacer battle-history"><br></div><div class="battle-history">Arcanine-Water Bal went back to hariyana grande!<br></div><div class="battle-history">Go! <strong>Togedemaru</strong>!<br></div><div class="battle-history"><small>Pointed stones dug into Togedemaru!</small><br></div><div class="spacer battle-history"><br></div><div class="battle-history">The opposing Calyrex-Mythic used <strong>Moonblast</strong>!<br></div><div class="battle-history"><small>It's not very effective...</small><br></div><div class="battle-history"><small>(Togedemaru lost 11% of its health!)</small><br></div><div class="spacer battle-history"><br></div><div class="battle-history"><small>Togedemaru restored a little HP using its Leftovers!</small><br></div><div class="spacer battle-history"><br></div><h2 class="battle-history">Turn 15</h2><div class="spacer battle-history"><br></div><div class="battle-history">Ainzcrad withdrew Calyrex-Mythic!<br></div><div class="battle-history">Ainzcrad sent out <strong>Togedemaru</strong>!<br></div><div class="battle-history"><small>Pointed stones dug into the opposing Togedemaru!</small><br></div><div class="spacer battle-history"><br></div><div class="battle-history">Togedemaru used <strong>U-turn</strong>!<br></div><div class="battle-history"><small>(The opposing Togedemaru lost 12% of its health!)</small><br></div><div class="battle-history">[The opposing Togedemaru's Spiky and Round]<br><small>(Togedemaru was hurt!)</small><br></div><div class="spacer battle-history"><br></div><div class="battle-history">Togedemaru went back to hariyana grande!<br></div><div class="battle-history">Go! <strong>Greninja-Ronin</strong>!<br></div><div class="battle-history"><small>Pointed stones dug into Greninja-Ronin!</small><br></div><div class="chat"><ul class="utilichart"><li class="result"><span class="col pokemonnamecol">Greninja-Ronin</span> <span class="col typecol"><img src="https://play.pokemonshowdown.com/sprites/types/Water.png" alt="Water" width="32" height="14"><img src="https://play.pokemonshowdown.com/sprites/types/Ghost.png" alt="Ghost" width="32" height="14"></span> <span><span class="col abilitycol">Sharpness / Moxie / Soul-Heart</span><span class="col abilitycol"></span></span></li><li></li></ul></div><div class="chat"><ul class="utilichart"><li class="result"><span><span class="col statcol"><em>HP</em><br>92</span> <span class="col statcol"><em>Atk</em><br>102</span> <span class="col statcol"><em>Def</em><br>72</span> <span class="col statcol"><em>SpA</em><br>105</span> <span class="col statcol"><em>SpD</em><br>71</span> <span class="col statcol"><em>Spe</em><br>103</span> </span></li><li></li></ul></div><div class="spacer battle-history"><br></div><div class="battle-history"><small>The opposing Togedemaru restored a little HP using its Leftovers!</small><br></div><div class="spacer battle-history"><br></div><h2 class="battle-history">Turn 16</h2><div class="chat"><small>+Monai left</small></div><div class="chat message-error">Ainzcrad has 270 seconds left.</div><div class="spacer battle-history"><br></div><div class="battle-history">Greninja-Ronin used <strong>Sacred Sword</strong>!<br></div><div class="battle-history"><small>It's super effective!</small><br></div><div class="battle-history"><small>(The opposing Togedemaru lost 88% of its health!)</small><br></div><div class="battle-history">[The opposing Togedemaru's Spiky and Round]<br><small>(Greninja-Ronin was hurt!)</small><br></div><div class="battle-history"><small>Greninja-Ronin lost some of its HP!</small><br></div><div class="spacer battle-history"><br></div><div class="battle-history">The opposing Togedemaru fainted!<br></div><div class="chat message-error">Ainzcrad has 240 seconds left.</div><div class="spacer battle-history"><br></div><div class="battle-history">Ainzcrad sent out <strong>Calyrex-Mythic</strong>!<br></div><div class="battle-history">[The opposing Calyrex-Mythic's Rubber Armor]<br></div><div class="spacer battle-history"><br></div><h2 class="battle-history">Turn 17</h2><div class="spacer battle-history"><br></div><div class="battle-history">Greninja-Ronin, come back!<br></div><div class="battle-history">Go! Arcanine-Water Bal (<strong>Arcanine-Water Balloon</strong>)!<br></div><div class="spacer battle-history"><br></div><div class="battle-history">Ainzcrad withdrew Calyrex-Mythic!<br></div><div class="battle-history">Ainzcrad sent out <strong>Samurott-Rogue</strong>!<br></div><div class="chat"><ul class="utilichart"><li class="result"><span class="col pokemonnamecol">Samurott-Rogue</span> <span class="col typecol"><img src="https://play.pokemonshowdown.com/sprites/types/Water.png" alt="Water" width="32" height="14"><img src="https://play.pokemonshowdown.com/sprites/types/Dark.png" alt="Dark" width="32" height="14"></span> <span><span class="col abilitycol">Torrent / Water Veil / Defiant</span><span class="col abilitycol"></span></span></li><li></li></ul></div><div class="chat"><ul class="utilichart"><li class="result"><span><span class="col statcol"><em>HP</em><br>90</span> <span class="col statcol"><em>Atk</em><br>118</span> <span class="col statcol"><em>Def</em><br>80</span> <span class="col statcol"><em>SpA</em><br>95</span> <span class="col statcol"><em>SpD</em><br>77</span> <span class="col statcol"><em>Spe</em><br>80</span> </span></li><li></li></ul></div><div class="battle-history"><small>Pointed stones dug into the opposing Samurott-Rogue!</small><br></div><div class="spacer battle-history"><br></div><h2 class="battle-history">Turn 18</h2><div class="spacer battle-history"><br></div><div class="battle-history">The opposing Samurott-Rogue used <strong>Ceaseless Edge</strong>!<br></div><div class="battle-history"><small>(Arcanine-Water Bal lost 49% of its health!)</small><br></div><div class="battle-history"><small>The opposing Samurott-Rogue lost some of its HP!</small><br></div><div class="spacer battle-history"><br></div><div class="battle-history">Arcanine-Water Bal used <strong>Giga Drain</strong>!<br></div><div class="battle-history"><small>It's super effective!</small><br></div><div class="battle-history"><small>(The opposing Samurott-Rogue lost 73% of its health!)</small><br></div><div class="battle-history"><small>The opposing Samurott-Rogue had its energy drained!</small><br></div><div class="spacer battle-history"><br></div><h2 class="battle-history">Turn 19</h2><div class="spacer battle-history"><br></div><div class="battle-history">The opposing Samurott-Rogue used <strong>Ceaseless Edge</strong>!<br></div><div class="battle-history"><small>(Arcanine-Water Bal lost 47% of its health!)</small><br></div><div class="battle-history"><small>The opposing Samurott-Rogue lost some of its HP!</small><br></div><div class="spacer battle-history"><br></div><div class="battle-history">The opposing Samurott-Rogue fainted!<br></div><div class="battle-history">Arcanine-Water Bal used <strong>Synthesis</strong>!<br></div><div class="battle-history"><small>Arcanine-Water Bal had its HP restored.</small><br></div><div class="spacer battle-history"><br></div><div class="battle-history">Ainzcrad sent out <strong>Rapidash-Galar</strong>!<br></div><div class="battle-history"><small>Pointed stones dug into the opposing Rapidash-Galar!</small><br></div><div class="spacer battle-history"><br></div><h2 class="battle-history">Turn 20</h2><div class="chat message-error">hariyana grande has 210 seconds left.</div><div class="spacer battle-history"><br></div><div class="battle-history">Arcanine-Water Bal used <strong>Flip Turn</strong>!<br></div><div class="battle-history"><small>It's super effective!</small><br></div><div class="battle-history"><small>(The opposing Rapidash-Galar lost 24% of its health!)</small><br></div><div class="spacer battle-history"><br></div><div class="battle-history">Arcanine-Water Bal went back to hariyana grande!<br></div><div class="battle-history">Go! <strong>Togedemaru</strong>!<br></div><div class="battle-history"><small>Pointed stones dug into Togedemaru!</small><br></div><div class="spacer battle-history"><br></div><div class="battle-history">The opposing Rapidash-Galar used <strong>Nasty Plot</strong>!<br></div><div class="battle-history"><small>The opposing Rapidash-Galar's Sp. Atk rose sharply!</small><br></div><div class="spacer battle-history"><br></div><div class="battle-history"><small>Togedemaru restored a little HP using its Leftovers!</small><br></div><div class="battle-history">[The opposing Rapidash-Galar's Poison Heal]<br><small>The opposing Rapidash-Galar had its HP restored.</small><br></div><div class="spacer battle-history"><br></div><h2 class="battle-history">Turn 21</h2><div class="spacer battle-history"><br></div><div class="battle-history">Togedemaru used <strong>Power Whip</strong>!<br></div><div class="battle-history"><small>It's super effective!</small><br></div><div class="battle-history"><small>(The opposing Rapidash-Galar lost 64% of its health!)</small><br></div><div class="spacer battle-history"><br></div><div class="battle-history">The opposing Rapidash-Galar used <strong>Earth Power</strong>!<br></div><div class="battle-history"><small>(Togedemaru lost 55% of its health!)</small><br></div><div class="spacer battle-history"><br></div><div class="battle-history"><small>Togedemaru restored a little HP using its Leftovers!</small><br></div><div class="battle-history">[The opposing Rapidash-Galar's Poison Heal]<br><small>The opposing Rapidash-Galar had its HP restored.</small><br></div><div class="spacer battle-history"><br></div><h2 class="battle-history">Turn 22</h2><div class="spacer battle-history"><br></div><div class="battle-history">Togedemaru used <strong>Power Whip</strong>!<br></div><div class="battle-history"><small>It's super effective!</small><br></div><div class="battle-history"><small>(The opposing Rapidash-Galar lost 25% of its health!)</small><br></div><div class="spacer battle-history"><br></div><div class="battle-history">The opposing Rapidash-Galar fainted!<br></div><div class="spacer battle-history"><br></div><div class="battle-history"><small>Togedemaru restored a little HP using its Leftovers!</small><br></div><div class="spacer battle-history"><br></div><div class="battle-history">Ainzcrad sent out <strong>Magearna-Prototype</strong>!<br></div><div class="spacer battle-history"><br></div><h2 class="battle-history">Turn 23</h2><div class="chat"><small>+Monai joined</small></div><div class="chat message-error">hariyana grande has 240 seconds left.</div><div class="spacer battle-history"><br></div><div class="battle-history">Togedemaru used <strong>U-turn</strong>!<br></div><div class="battle-history"><small>It's not very effective...</small><br></div><div class="battle-history"><small>(The opposing Magearna-Prototype lost 3% of its health!)</small><br></div><div class="chat message-error">hariyana grande has 240 seconds left.</div><div class="spacer battle-history"><br></div><div class="battle-history">Togedemaru went back to hariyana grande!<br></div><div class="battle-history">Go! <strong>Calyrex-Mythic</strong>!<br></div><div class="battle-history"><small>Pointed stones dug into Calyrex-Mythic!</small><br></div><div class="battle-history">[Calyrex-Mythic's Rubber Armor]<br></div><div class="spacer battle-history"><br></div><div class="battle-history">The opposing Magearna-Prototype used <strong>Flamethrower</strong>!<br></div><div class="battle-history"><small>It's not very effective...</small><br></div><div class="battle-history"><small>(Calyrex-Mythic lost 7% of its health!)</small><br></div><div class="spacer battle-history"><br></div><div class="battle-history">Calyrex-Mythic fainted!<br></div><div class="chat message-error">hariyana grande has 210 seconds left.</div><div class="spacer battle-history"><br></div><div class="battle-history">Go! <strong>Basculectric</strong>!<br></div><div class="chat"><ul class="utilichart"><li class="result"><span class="col pokemonnamecol">Basculectric</span> <span class="col typecol"><img src="https://play.pokemonshowdown.com/sprites/types/Water.png" alt="Water" width="32" height="14"><img src="https://play.pokemonshowdown.com/sprites/types/Electric.png" alt="Electric" width="32" height="14"></span> <span><span class="col abilitycol">Volt Absorb / Speed Boost / Mold Breaker</span><span class="col abilitycol"></span></span></li><li></li></ul></div><div class="chat"><ul class="utilichart"><li class="result"><span><span class="col statcol"><em>HP</em><br>80</span> <span class="col statcol"><em>Atk</em><br>90</span> <span class="col statcol"><em>Def</em><br>80</span> <span class="col statcol"><em>SpA</em><br>110</span> <span class="col statcol"><em>SpD</em><br>80</span> <span class="col statcol"><em>Spe</em><br>70</span> </span></li><li></li></ul></div><div class="battle-history"><small>Pointed stones dug into Basculectric!</small><br></div><div class="spacer battle-history"><br></div><h2 class="battle-history">Turn 24</h2><div class="spacer battle-history"><br></div><div class="battle-history">Ainzcrad withdrew Magearna-Prototype!<br></div><div class="battle-history">Ainzcrad sent out <strong>Calyrex-Mythic</strong>!<br></div><div class="battle-history">[The opposing Calyrex-Mythic's Rubber Armor]<br></div><div class="spacer battle-history"><br></div><div class="battle-history">Basculectric used <strong>Hydro Pump</strong>!<br></div><div class="battle-history"><small>It's not very effective...</small><br></div><div class="battle-history"><small>(The opposing Calyrex-Mythic lost 35% of its health!)</small><br></div><div class="battle-history"><small>Basculectric lost some of its HP!</small><br></div><div class="spacer battle-history"><br></div><div class="battle-history">[Basculectric's Speed Boost]<br></div><div class="battle-history"><small>Basculectric's Speed rose!</small><br></div><div class="spacer battle-history"><br></div><h2 class="battle-history">Turn 25</h2><div class="spacer battle-history"><br></div><div class="battle-history">Basculectric used <strong>Ice Beam</strong>!<br></div><div class="battle-history"><small>It's super effective!</small><br></div><div class="battle-history"><small>(The opposing Calyrex-Mythic lost 56% of its health!)</small><br></div><div class="battle-history"><small>Basculectric lost some of its HP!</small><br></div><div class="spacer battle-history"><br></div><div class="battle-history">The opposing Calyrex-Mythic fainted!<br></div><div class="spacer battle-history"><br></div><div class="battle-history">[Basculectric's Speed Boost]<br></div><div class="battle-history"><small>Basculectric's Speed rose!</small><br></div><div class="spacer battle-history"><br></div><div class="battle-history">Ainzcrad sent out <strong>Braviary-Patriot</strong>!<br></div><div class="battle-history"><small>Pointed stones dug into the opposing Braviary-Patriot!</small><br></div><div class="spacer battle-history"><br></div><h2 class="battle-history">Turn 26</h2><div class="spacer battle-history"><br></div><div class="battle-history">Basculectric, come back!<br></div><div class="battle-history">Go! <strong>Togedemaru</strong>!<br></div><div class="battle-history"><small>Pointed stones dug into Togedemaru!</small><br></div><div class="spacer battle-history"><br></div><div class="battle-history">The opposing Braviary-Patriot used <strong>Extreme Speed</strong>!<br></div><div class="battle-history"><small>It's not very effective...</small><br></div><div class="battle-history"><small>(Togedemaru lost 11% of its health!)</small><br></div><div class="battle-history">[Togedemaru's Spiky and Round]<br><small>(The opposing Braviary-Patriot was hurt!)</small><br></div><div class="spacer battle-history"><br></div><div class="battle-history">Togedemaru fainted!<br></div><div class="spacer battle-history"><br></div><div class="battle-history">Go! <strong>Pikachu-World</strong>!<br></div><div class="chat"><ul class="utilichart"><li class="result"><span class="col pokemonnamecol">Pikachu-World</span> <span class="col typecol"><img src="https://play.pokemonshowdown.com/sprites/types/Electric.png" alt="Electric" width="32" height="14"></span> <span><span class="col abilitycol">Pastel Veil / Libero</span><span class="col abilitycol"></span></span></li><li></li></ul></div><div class="chat"><ul class="utilichart"><li class="result"><span><span class="col statcol"><em>HP</em><br>80</span> <span class="col statcol"><em>Atk</em><br>100</span> <span class="col statcol"><em>Def</em><br>70</span> <span class="col statcol"><em>SpA</em><br>100</span> <span class="col statcol"><em>SpD</em><br>70</span> <span class="col statcol"><em>Spe</em><br>117</span> </span></li><li></li></ul></div><div class="spacer battle-history"><br></div><h2 class="battle-history">Turn 27</h2><div class="spacer battle-history"><br></div><div class="battle-history">The opposing Braviary-Patriot used <strong>Extreme Speed</strong>!<br></div><div class="battle-history"><small>(Pikachu-World lost 56% of its health!)</small><br></div><div class="spacer battle-history"><br></div><div class="battle-history">Pikachu-World used <strong>Volt Tackle</strong>!<br></div><div class="battle-history"><small>It's super effective!</small><br></div><div class="battle-history"><small>(The opposing Braviary-Patriot lost 26% of its health!)</small><br></div><div class="battle-history"><small>Pikachu-World was damaged by the recoil!</small><br></div><div class="spacer battle-history"><br></div><div class="battle-history">The opposing Braviary-Patriot fainted!<br></div><div class="spacer battle-history"><br></div><div class="battle-history">Ainzcrad sent out <strong>Magearna-Prototype</strong>!<br></div><div class="spacer battle-history"><br></div><h2 class="battle-history">Turn 28</h2><div class="spacer battle-history"><br></div><div class="battle-history">Pikachu-World used <strong>Volt Tackle</strong>!<br></div><div class="battle-history"><small>(The opposing Magearna-Prototype lost 51% of its health!)</small><br></div><div class="battle-history"><small>Pikachu-World was damaged by the recoil!</small><br></div><div class="spacer battle-history"><br></div><div class="battle-history">The opposing Magearna-Prototype used <strong>Flamethrower</strong>!<br></div><div class="battle-history"><small>(Pikachu-World lost 14% of its health!)</small><br></div><div class="spacer battle-history"><br></div><div class="battle-history">Pikachu-World fainted!<br></div><div class="spacer battle-history"><br></div><div class="battle-history">Go! <strong>Greninja-Ronin</strong>!<br></div><div class="battle-history"><small>Pointed stones dug into Greninja-Ronin!</small><br></div><div class="spacer battle-history"><br></div><h2 class="battle-history">Turn 29</h2><div class="spacer battle-history"><br></div><div class="battle-history">Greninja-Ronin used <strong>Aqua Cutter</strong>!<br></div><div class="battle-history"><small>It's super effective!</small><br></div><div class="battle-history"><small>(The opposing Magearna-Prototype lost 34% of its health!)</small><br></div><div class="battle-history"><small>Greninja-Ronin lost some of its HP!</small><br></div><div class="spacer battle-history"><br></div><div class="battle-history">The opposing Magearna-Prototype fainted!<br></div><div class="spacer battle-history"><br></div><div class="battle-history"><strong>hariyana grande</strong> won the battle!<br></div><div class="chat chatmessage-hariyanagrande"><strong style="color:#38b1b5"><small>☆</small><span class="username" data-name="hariyana grande">hariyana grande</span>:</strong> <em>gg</em></div><div class="chat chatmessage-ainzcrad"><strong style="color:#9f1fd6"><small>☆</small><span class="username" data-name="Ainzcrad">Ainzcrad</span>:</strong> <em>gg</em></div></div><div class="inner-preempt message-log"></div></div></div>
</div>
<script>
let daily = Math.floor(Date.now()/1000/60/60/24);document.write('<script src="https://play.pokemonshowdown.com/js/replay-embed.js?version'+daily+'"></'+'script>');
</script>
