<!DOCTYPE html>
<meta charset="utf-8" />
<!-- version 1 -->
<title>[Gen 8] Alternatium EX replay: ViZarPKMN vs. Irly</title>
<style>
html,body {font-family:Verdana, sans-serif;font-size:10pt;margin:0;padding:0;}body{padding:12px 0;} .battle-log {font-family:Verdana, sans-serif;font-size:10pt;} .battle-log-inline {border:1px solid #AAAAAA;background:#EEF2F5;color:black;max-width:640px;margin:0 auto 80px;padding-bottom:5px;} .battle-log .inner {padding:4px 8px 0px 8px;} .battle-log .inner-preempt {padding:0 8px 4px 8px;} .battle-log .inner-after {margin-top:0.5em;} .battle-log h2 {margin:0.5em -8px;padding:4px 8px;border:1px solid #AAAAAA;background:#E0E7EA;border-left:0;border-right:0;font-family:Verdana, sans-serif;font-size:13pt;} .battle-log .chat {vertical-align:middle;padding:3px 0 3px 0;font-size:8pt;} .battle-log .chat strong {color:#40576A;} .battle-log .chat em {padding:1px 4px 1px 3px;color:#000000;font-style:normal;} .chat.mine {background:rgba(0,0,0,0.05);margin-left:-8px;margin-right:-8px;padding-left:8px;padding-right:8px;} .spoiler {color:#BBBBBB;background:#BBBBBB;padding:0px 3px;} .spoiler:hover, .spoiler:active, .spoiler-shown {color:#000000;background:#E2E2E2;padding:0px 3px;} .spoiler a {color:#BBBBBB;} .spoiler:hover a, .spoiler:active a, .spoiler-shown a {color:#2288CC;} .chat code, .chat .spoiler:hover code, .chat .spoiler:active code, .chat .spoiler-shown code {border:1px solid #C0C0C0;background:#EEEEEE;color:black;padding:0 2px;} .chat .spoiler code {border:1px solid #CCCCCC;background:#CCCCCC;color:#CCCCCC;} .battle-log .rated {padding:3px 4px;} .battle-log .rated strong {color:white;background:#89A;padding:1px 4px;border-radius:4px;} .spacer {margin-top:0.5em;} .message-announce {background:#6688AA;color:white;padding:1px 4px 2px;} .message-announce a, .broadcast-green a, .broadcast-blue a, .broadcast-red a {color:#DDEEFF;} .broadcast-green {background-color:#559955;color:white;padding:2px 4px;} .broadcast-blue {background-color:#6688AA;color:white;padding:2px 4px;} .infobox {border:1px solid #6688AA;padding:2px 4px;} .infobox-limited {max-height:200px;overflow:auto;overflow-x:hidden;} .broadcast-red {background-color:#AA5544;color:white;padding:2px 4px;} .message-learn-canlearn {font-weight:bold;color:#228822;text-decoration:underline;} .message-learn-cannotlearn {font-weight:bold;color:#CC2222;text-decoration:underline;} .message-effect-weak {font-weight:bold;color:#CC2222;} .message-effect-resist {font-weight:bold;color:#6688AA;} .message-effect-immune {font-weight:bold;color:#666666;} .message-learn-list {margin-top:0;margin-bottom:0;} .message-throttle-notice, .message-error {color:#992222;} .message-overflow, .chat small.message-overflow {font-size:0pt;} .message-overflow::before {font-size:9pt;content:'...';} .subtle {color:#3A4A66;}
</style>
<div class="wrapper replay-wrapper" style="max-width:1180px;margin:0 auto">
<input type="hidden" name="replayid" value="dragonheaven-gen8alternatiumex-2" />
<div class="battle"></div><div class="battle-log"></div><div class="replay-controls"></div><div class="replay-controls-2"></div>
<h1 style="font-weight:normal;text-align:center"><strong>[Gen 8] Alternatium EX</strong><br /><a href="http://pokemonshowdown.com/users/vizarpkmn" class="subtle" target="_blank">ViZarPKMN</a> vs. <a href="http://pokemonshowdown.com/users/irly" class="subtle" target="_blank">Irly</a></h1>
<script type="text/plain" class="battle-log-data">|j|☆ViZarPKMN

|j|☆Irly
|t:|1686427617
|player|p1|ViZarPKMN|benga|
|player|p2|Irly|1|
|teamsize|p1|6
|teamsize|p2|6
|gametype|singles
|gen|9
|tier|[Gen 8] Alternatium EX
|clearpoke
|poke|p1|Maushold-Extended, M|
|poke|p1|Lurantis, M|
|poke|p1|Samurott-Rogue, F|
|poke|p1|Magearna-Prototype, F|
|poke|p1|Togedemaru, M|
|poke|p1|Squawkabilly, F|
|poke|p2|Calyrex-Mythic|
|poke|p2|Urshifu, M|
|poke|p2|Greninja-Ronin, M|
|poke|p2|Electrode-Ringo|
|poke|p2|Basculin-Skyship, M|
|poke|p2|Totemaru, F|
|rule|HP Percentage Mod: HP is shown in percentages
|rule|Endless Battle Clause: Forcing endless battles is banned
|rule|OHKO Clause: OHKO moves are banned
|rule|Evasion Moves Clause: Evasion moves are banned
|rule|Dynamax Clause: You cannot dynamax
|rule|Sleep Clause Mod: Limit one foe put to sleep
|rule|Z-Move Clause: Z-Moves are banned
|teampreview
|inactive|Battle timer is ON: inactive players will automatically lose when time's up. (requested by Irly)
|inactive|Time left: 300 sec this turn | 300 sec total | 60 sec grace
|j|+Sticky Fingaa
|c|+Sticky Fingaa|GO VIZ
|inactive|Irly has 270 seconds left.
|
|t:|1686427669
|start
|switch|p1a: Magearna-Prototype|Magearna-Prototype, F|301\/301
|switch|p2a: Urshifu|Urshifu, M|100\/100
|-start|p1a: Magearna-Prototype|typechange|Fire\/Fairy|[silent]
|raw|<ul class="utilichart"><li class="result"><span class="col pokemonnamecol" style="white-space: nowrap">Magearna-Prototype<\/span> <span class="col typecol"><img src="https:\/\/play.pokemonshowdown.com\/sprites\/types\/Fire.png" alt="Fire" height="14" width="32"><img src="https:\/\/play.pokemonshowdown.com\/sprites\/types\/Fairy.png" alt="Fairy" height="14" width="32"><\/span> <span style="float: left ; min-height: 26px"><span class="col abilitycol">Steam Engine \/ Wind-up Key<\/span><span class="col abilitycol"><\/span><\/span><\/li><li style="clear: both"><\/li><\/ul>
|raw|<ul class="utilichart"><li class="result"><span style="float: left ; min-height: 26px"><span class="col statcol"><em>HP<\/em><br>80<\/span> <span class="col statcol"><em>Atk<\/em><br>65<\/span> <span class="col statcol"><em>Def<\/em><br>95<\/span> <span class="col statcol"><em>SpA<\/em><br>105<\/span> <span class="col statcol"><em>SpD<\/em><br>70<\/span> <span class="col statcol"><em>Spe<\/em><br>100<\/span> <\/span><\/li><li style="clear: both"><\/li><\/ul>
|-start|p2a: Urshifu|typechange|Dark\/Ground|[silent]
|raw|<ul class="utilichart"><li class="result"><span class="col pokemonnamecol" style="white-space: nowrap">Urshifu<\/span> <span class="col typecol"><img src="https:\/\/play.pokemonshowdown.com\/sprites\/types\/Dark.png" alt="Dark" height="14" width="32"><img src="https:\/\/play.pokemonshowdown.com\/sprites\/types\/Ground.png" alt="Ground" height="14" width="32"><\/span> <span style="float: left ; min-height: 26px"><span class="col abilitycol">Sand Force \/ Unseen Fist \/ Rough Skin<\/span><span class="col abilitycol"><\/span><\/span><\/li><li style="clear: both"><\/li><\/ul>
|raw|<ul class="utilichart"><li class="result"><span style="float: left ; min-height: 26px"><span class="col statcol"><em>HP<\/em><br>85<\/span> <span class="col statcol"><em>Atk<\/em><br>115<\/span> <span class="col statcol"><em>Def<\/em><br>130<\/span> <span class="col statcol"><em>SpA<\/em><br>63<\/span> <span class="col statcol"><em>SpD<\/em><br>90<\/span> <span class="col statcol"><em>Spe<\/em><br>72<\/span> <\/span><\/li><li style="clear: both"><\/li><\/ul>
|turn|1
|inactive|Time left: 300 sec this turn | 300 sec total
|inactive|Irly has 270 seconds left.
|inactive|Irly has 240 seconds left.
|inactive|ViZarPKMN has 270 seconds left.
|inactive|Irly has 210 seconds left.
|
|t:|1686427796
|switch|p1a: Squawkabilly|Squawkabilly, F|368\/368
|-start|p1a: Squawkabilly|typechange|Dark\/Flying|[silent]
|raw|<ul class="utilichart"><li class="result"><span class="col pokemonnamecol" style="white-space: nowrap">Squawkabilly<\/span> <span class="col typecol"><img src="https:\/\/play.pokemonshowdown.com\/sprites\/types\/Dark.png" alt="Dark" height="14" width="32"><img src="https:\/\/play.pokemonshowdown.com\/sprites\/types\/Flying.png" alt="Flying" height="14" width="32"><\/span> <span style="float: left ; min-height: 26px"><span class="col abilitycol">Intimidate \/ Flock \/ Hustle<\/span><span class="col abilitycol"><\/span><\/span><\/li><li style="clear: both"><\/li><\/ul>
|raw|<ul class="utilichart"><li class="result"><span style="float: left ; min-height: 26px"><span class="col statcol"><em>HP<\/em><br>82<\/span> <span class="col statcol"><em>Atk<\/em><br>106<\/span> <span class="col statcol"><em>Def<\/em><br>91<\/span> <span class="col statcol"><em>SpA<\/em><br>45<\/span> <span class="col statcol"><em>SpD<\/em><br>71<\/span> <span class="col statcol"><em>Spe<\/em><br>122<\/span> <\/span><\/li><li style="clear: both"><\/li><\/ul>
|-ability|p1a: Squawkabilly|Intimidate|boost
|-unboost|p2a: Urshifu|atk|1
|switch|p2a: Totemaru|Totemaru, F|100\/100
|-start|p2a: Totemaru|typechange|Fire\/Poison|[silent]
|raw|<ul class="utilichart"><li class="result"><span class="col pokemonnamecol" style="white-space: nowrap">Totemaru<\/span> <span class="col typecol"><img src="https:\/\/play.pokemonshowdown.com\/sprites\/types\/Fire.png" alt="Fire" height="14" width="32"><img src="https:\/\/play.pokemonshowdown.com\/sprites\/types\/Poison.png" alt="Poison" height="14" width="32"><\/span> <span style="float: left ; min-height: 26px"><span class="col abilitycol">Roll Romp \/ Blaze<\/span><span class="col abilitycol"><\/span><\/span><\/li><li style="clear: both"><\/li><\/ul>
|raw|<ul class="utilichart"><li class="result"><span style="float: left ; min-height: 26px"><span class="col statcol"><em>HP<\/em><br>90<\/span> <span class="col statcol"><em>Atk<\/em><br>127<\/span> <span class="col statcol"><em>Def<\/em><br>70<\/span> <span class="col statcol"><em>SpA<\/em><br>65<\/span> <span class="col statcol"><em>SpD<\/em><br>73<\/span> <span class="col statcol"><em>Spe<\/em><br>90<\/span> <\/span><\/li><li style="clear: both"><\/li><\/ul>
|
|upkeep
|turn|2
|inactive|Time left: 265 sec this turn | 265 sec total
|inactive|Irly has 180 seconds left.
|inactive|Irly has 150 seconds left.
|inactive|Irly has 120 seconds left.
|inactive|ViZarPKMN has 240 seconds left.
|inactive|ViZarPKMN has 210 seconds left.
|
|t:|1686427939
|move|p1a: Squawkabilly|Knock Off|p2a: Totemaru
|-damage|p2a: Totemaru|49\/100
|-enditem|p2a: Totemaru|Heavy-Duty Boots|[from] move: Knock Off|[of] p1a: Squawkabilly
|move|p2a: Totemaru|U-turn|p1a: Squawkabilly
|-damage|p1a: Squawkabilly|287\/368
|inactive|Time left: 195 sec this turn | 195 sec total
|
|t:|1686427947
|switch|p2a: Electrode-Ringo|Electrode-Ringo|100\/100|[from]move: U-turn
|-start|p2a: Electrode-Ringo|typechange|Electric\/Grass|[silent]
|raw|<ul class="utilichart"><li class="result"><span class="col pokemonnamecol" style="white-space: nowrap">Electrode-Ringo<\/span> <span class="col typecol"><img src="https:\/\/play.pokemonshowdown.com\/sprites\/types\/Electric.png" alt="Electric" height="14" width="32"><img src="https:\/\/play.pokemonshowdown.com\/sprites\/types\/Grass.png" alt="Grass" height="14" width="32"><\/span> <span style="float: left ; min-height: 26px"><span class="col abilitycol">Harvest \/ Regenerator \/ Aftermath<\/span><span class="col abilitycol"><\/span><\/span><\/li><li style="clear: both"><\/li><\/ul>
|raw|<ul class="utilichart"><li class="result"><span style="float: left ; min-height: 26px"><span class="col statcol"><em>HP<\/em><br>80<\/span> <span class="col statcol"><em>Atk<\/em><br>105<\/span> <span class="col statcol"><em>Def<\/em><br>75<\/span> <span class="col statcol"><em>SpA<\/em><br>95<\/span> <span class="col statcol"><em>SpD<\/em><br>70<\/span> <span class="col statcol"><em>Spe<\/em><br>125<\/span> <\/span><\/li><li style="clear: both"><\/li><\/ul>
|
|upkeep
|turn|3
|inactive|Time left: 205 sec this turn | 205 sec total
|
|t:|1686427952
|switch|p1a: Togedemaru|Togedemaru, M|344\/344
|-start|p1a: Togedemaru|typechange|Grass\/Steel|[silent]
|raw|<ul class="utilichart"><li class="result"><span class="col pokemonnamecol" style="white-space: nowrap">Togedemaru<\/span> <span class="col typecol"><img src="https:\/\/play.pokemonshowdown.com\/sprites\/types\/Grass.png" alt="Grass" height="14" width="32"><img src="https:\/\/play.pokemonshowdown.com\/sprites\/types\/Steel.png" alt="Steel" height="14" width="32"><\/span> <span style="float: left ; min-height: 26px"><span class="col abilitycol">Spiky and Round<\/span><span class="col abilitycol"><\/span><\/span><\/li><li style="clear: both"><\/li><\/ul>
|raw|<ul class="utilichart"><li class="result"><span style="float: left ; min-height: 26px"><span class="col statcol"><em>HP<\/em><br>70<\/span> <span class="col statcol"><em>Atk<\/em><br>90<\/span> <span class="col statcol"><em>Def<\/em><br>126<\/span> <span class="col statcol"><em>SpA<\/em><br>44<\/span> <span class="col statcol"><em>SpD<\/em><br>100<\/span> <span class="col statcol"><em>Spe<\/em><br>100<\/span> <\/span><\/li><li style="clear: both"><\/li><\/ul>
|move|p2a: Electrode-Ringo|Volt Switch|p1a: Togedemaru
|-resisted|p1a: Togedemaru
|-damage|p1a: Togedemaru|282\/344
|inactive|Time left: 210 sec this turn | 210 sec total
|
|t:|1686427965
|switch|p2a: Totemaru|Totemaru, F|49\/100|[from]move: Volt Switch
|-start|p2a: Totemaru|typechange|Fire\/Poison|[silent]
|
|-heal|p1a: Togedemaru|303\/344|[from] item: Leftovers
|upkeep
|turn|4
|inactive|Time left: 220 sec this turn | 220 sec total
|
|t:|1686427969
|switch|p1a: Squawkabilly|Squawkabilly, F|287\/368
|-start|p1a: Squawkabilly|typechange|Dark\/Flying|[silent]
|-ability|p1a: Squawkabilly|Intimidate|boost
|-unboost|p2a: Totemaru|atk|1
|move|p2a: Totemaru|Pyro Ball|p1a: Squawkabilly
|-damage|p1a: Squawkabilly|154\/368
|
|upkeep
|turn|5
|inactive|Time left: 230 sec this turn | 230 sec total
|inactive|Irly has 120 seconds left.
|
|t:|1686427984
|switch|p2a: Urshifu|Urshifu, M|100\/100
|-start|p2a: Urshifu|typechange|Dark\/Ground|[silent]
|move|p1a: Squawkabilly|Roost|p1a: Squawkabilly
|-heal|p1a: Squawkabilly|338\/368
|-singleturn|p1a: Squawkabilly|move: Roost
|
|upkeep
|turn|6
|inactive|Time left: 240 sec this turn | 240 sec total
|inactive|Irly has 120 seconds left.
|
|t:|1686427991
|move|p1a: Squawkabilly|Knock Off|p2a: Urshifu
|-resisted|p2a: Urshifu
|-damage|p2a: Urshifu|88\/100
|-damage|p1a: Squawkabilly|292\/368|[from] ability: Rough Skin|[of] p2a: Urshifu
|-enditem|p2a: Urshifu|Leftovers|[from] move: Knock Off|[of] p1a: Squawkabilly
|move|p2a: Urshifu|Stealth Rock|p1a: Squawkabilly
|-sidestart|p1: ViZarPKMN|move: Stealth Rock
|
|upkeep
|turn|7
|inactive|Time left: 250 sec this turn | 250 sec total
|
|t:|1686427997
|move|p1a: Squawkabilly|Defog|p2a: Urshifu
|-unboost|p2a: Urshifu|evasion|1
|-sideend|p1: ViZarPKMN|Stealth Rock|[from] move: Defog|[of] p1a: Squawkabilly
|move|p2a: Urshifu|U-turn|p1a: Squawkabilly
|-damage|p1a: Squawkabilly|199\/368
|inactive|Time left: 250 sec this turn | 250 sec total
|
|t:|1686428001
|switch|p2a: Electrode-Ringo|Electrode-Ringo|100\/100|[from]move: U-turn
|-start|p2a: Electrode-Ringo|typechange|Electric\/Grass|[silent]
|
|upkeep
|turn|8
|inactive|Time left: 260 sec this turn | 260 sec total
|
|t:|1686428005
|switch|p1a: Togedemaru|Togedemaru, M|303\/344
|-start|p1a: Togedemaru|typechange|Grass\/Steel|[silent]
|move|p2a: Electrode-Ringo|Volt Switch|p1a: Togedemaru
|-resisted|p1a: Togedemaru
|-damage|p1a: Togedemaru|248\/344
|inactive|Time left: 265 sec this turn | 265 sec total
|
|t:|1686428008
|switch|p2a: Urshifu|Urshifu, M|88\/100|[from]move: Volt Switch
|-start|p2a: Urshifu|typechange|Dark\/Ground|[silent]
|
|-heal|p1a: Togedemaru|269\/344|[from] item: Leftovers
|upkeep
|turn|9
|inactive|Time left: 275 sec this turn | 275 sec total
|inactive|Irly has 150 seconds left.
|
|t:|1686428022
|switch|p2a: Totemaru|Totemaru, F|49\/100
|-start|p2a: Totemaru|typechange|Fire\/Poison|[silent]
|move|p1a: Togedemaru|Power Whip|p2a: Totemaru|[miss]
|-miss|p1a: Togedemaru|p2a: Totemaru
|
|-heal|p1a: Togedemaru|290\/344|[from] item: Leftovers
|upkeep
|turn|10
|inactive|Time left: 285 sec this turn | 285 sec total
|
|t:|1686428032
|switch|p1a: Squawkabilly|Squawkabilly, F|199\/368
|-start|p1a: Squawkabilly|typechange|Dark\/Flying|[silent]
|-ability|p1a: Squawkabilly|Intimidate|boost
|-unboost|p2a: Totemaru|atk|1
|move|p2a: Totemaru|U-turn|p1a: Squawkabilly
|-damage|p1a: Squawkabilly|143\/368
|inactive|Time left: 290 sec this turn | 290 sec total
|
|t:|1686428039
|switch|p2a: Electrode-Ringo|Electrode-Ringo|100\/100|[from]move: U-turn
|-start|p2a: Electrode-Ringo|typechange|Electric\/Grass|[silent]
|
|upkeep
|turn|11
|inactive|Time left: 300 sec this turn | 300 sec total
|inactive|Irly has 150 seconds left.
|
|t:|1686428057
|switch|p1a: Togedemaru|Togedemaru, M|290\/344
|-start|p1a: Togedemaru|typechange|Grass\/Steel|[silent]
|move|p2a: Electrode-Ringo|Volt Switch|p1a: Togedemaru
|-resisted|p1a: Togedemaru
|-damage|p1a: Togedemaru|233\/344
|inactive|Time left: 290 sec this turn | 290 sec total
|
|t:|1686428060
|switch|p2a: Totemaru|Totemaru, F|49\/100|[from]move: Volt Switch
|-start|p2a: Totemaru|typechange|Fire\/Poison|[silent]
|
|-heal|p1a: Togedemaru|254\/344|[from] item: Leftovers
|upkeep
|turn|12
|inactive|Time left: 300 sec this turn | 300 sec total
|
|t:|1686428069
|switch|p1a: Samurott-Rogue|Samurott-Rogue, F|384\/384
|-start|p1a: Samurott-Rogue|typechange|Water\/Dark|[silent]
|raw|<ul class="utilichart"><li class="result"><span class="col pokemonnamecol" style="white-space: nowrap">Samurott-Rogue<\/span> <span class="col typecol"><img src="https:\/\/play.pokemonshowdown.com\/sprites\/types\/Water.png" alt="Water" height="14" width="32"><img src="https:\/\/play.pokemonshowdown.com\/sprites\/types\/Dark.png" alt="Dark" height="14" width="32"><\/span> <span style="float: left ; min-height: 26px"><span class="col abilitycol">Torrent \/ Water Veil \/ Defiant<\/span><span class="col abilitycol"><\/span><\/span><\/li><li style="clear: both"><\/li><\/ul>
|raw|<ul class="utilichart"><li class="result"><span style="float: left ; min-height: 26px"><span class="col statcol"><em>HP<\/em><br>90<\/span> <span class="col statcol"><em>Atk<\/em><br>118<\/span> <span class="col statcol"><em>Def<\/em><br>80<\/span> <span class="col statcol"><em>SpA<\/em><br>95<\/span> <span class="col statcol"><em>SpD<\/em><br>77<\/span> <span class="col statcol"><em>Spe<\/em><br>80<\/span> <\/span><\/li><li style="clear: both"><\/li><\/ul>
|move|p2a: Totemaru|Pyro Ball|p1a: Samurott-Rogue
|-resisted|p1a: Samurott-Rogue
|-damage|p1a: Samurott-Rogue|249\/384
|
|upkeep
|turn|13
|inactive|Time left: 300 sec this turn | 300 sec total
|inactive|Irly has 150 seconds left.
|inactive|Irly has 120 seconds left.
|inactive|ViZarPKMN has 270 seconds left.
|
|t:|1686428153
|-activate|p2a: Totemaru|move: Pursuit
|move|p1a: Samurott-Rogue|Pursuit|p2a: Totemaru|[from]Pursuit
|-damage|p2a: Totemaru|0 fnt
|-hint|A Pokemon can't switch between when it runs out of HP and when it faints
|faint|p2a: Totemaru
|
|upkeep
|inactive|Time left: 270 sec this turn | 270 sec total
|
|t:|1686428158
|switch|p2a: Electrode-Ringo|Electrode-Ringo|100\/100
|-start|p2a: Electrode-Ringo|typechange|Electric\/Grass|[silent]
|turn|14
|inactive|Time left: 280 sec this turn | 280 sec total
|
|t:|1686428161
|switch|p1a: Togedemaru|Togedemaru, M|254\/344
|-start|p1a: Togedemaru|typechange|Grass\/Steel|[silent]
|move|p2a: Electrode-Ringo|Volt Switch|p1a: Togedemaru
|-resisted|p1a: Togedemaru
|-damage|p1a: Togedemaru|193\/344
|inactive|Time left: 285 sec this turn | 285 sec total
|inactive|Irly has 120 seconds left.
|inactive|Irly has 90 seconds left.
|inactive|Irly has 60 seconds left.
|
|t:|1686428241
|switch|p2a: Basculin-Skyship|Basculin-Skyship, M|100\/100|[from]move: Volt Switch
|-start|p2a: Basculin-Skyship|typechange|Flying\/Steel|[silent]
|raw|<ul class="utilichart"><li class="result"><span class="col pokemonnamecol" style="white-space: nowrap">Basculin-Skyship<\/span> <span class="col typecol"><img src="https:\/\/play.pokemonshowdown.com\/sprites\/types\/Flying.png" alt="Flying" height="14" width="32"><img src="https:\/\/play.pokemonshowdown.com\/sprites\/types\/Steel.png" alt="Steel" height="14" width="32"><\/span> <span style="float: left ; min-height: 26px"><span class="col abilitycol">Gale Wings \/ Light Metal \/ Sky Breach<\/span><span class="col abilitycol"><\/span><\/span><\/li><li style="clear: both"><\/li><\/ul>
|raw|<ul class="utilichart"><li class="result"><span style="float: left ; min-height: 26px"><span class="col statcol"><em>HP<\/em><br>70<\/span> <span class="col statcol"><em>Atk<\/em><br>92<\/span> <span class="col statcol"><em>Def<\/em><br>65<\/span> <span class="col statcol"><em>SpA<\/em><br>80<\/span> <span class="col statcol"><em>SpD<\/em><br>55<\/span> <span class="col statcol"><em>Spe<\/em><br>118<\/span> <\/span><\/li><li style="clear: both"><\/li><\/ul>
|
|-heal|p1a: Togedemaru|214\/344|[from] item: Leftovers
|upkeep
|turn|15
|inactive|Time left: 295 sec this turn | 295 sec total
|
|t:|1686428244
|move|p2a: Basculin-Skyship|Liquidation|p1a: Togedemaru
|-damage|p1a: Togedemaru|73\/344
|-damage|p2a: Basculin-Skyship|88\/100|[from] ability: Spiky and Round|[of] p1a: Togedemaru
|move|p1a: Togedemaru|Leech Seed|p2a: Basculin-Skyship
|-start|p2a: Basculin-Skyship|move: Leech Seed
|
|-heal|p1a: Togedemaru|94\/344|[from] item: Leftovers
|-damage|p2a: Basculin-Skyship|76\/100|[from] Leech Seed|[of] p1a: Togedemaru
|-heal|p1a: Togedemaru|129\/344|[silent]
|upkeep
|turn|16
|inactive|Time left: 300 sec this turn | 300 sec total
|
|t:|1686428253
|switch|p1a: Squawkabilly|Squawkabilly, F|143\/368
|-start|p1a: Squawkabilly|typechange|Dark\/Flying|[silent]
|-ability|p1a: Squawkabilly|Intimidate|boost
|-unboost|p2a: Basculin-Skyship|atk|1
|move|p2a: Basculin-Skyship|Liquidation|p1a: Squawkabilly
|-damage|p1a: Squawkabilly|23\/368
|-unboost|p1a: Squawkabilly|def|1
|
|-damage|p2a: Basculin-Skyship|63\/100|[from] Leech Seed|[of] p1a: Squawkabilly
|-heal|p1a: Squawkabilly|58\/368|[silent]
|upkeep
|turn|17
|inactive|Time left: 300 sec this turn | 300 sec total
|
|t:|1686428266
|switch|p1a: Togedemaru|Togedemaru, M|129\/344
|-start|p1a: Togedemaru|typechange|Grass\/Steel|[silent]
|move|p2a: Basculin-Skyship|Liquidation|p1a: Togedemaru
|-damage|p1a: Togedemaru|41\/344
|-damage|p2a: Basculin-Skyship|51\/100|[from] ability: Spiky and Round|[of] p1a: Togedemaru
|
|-heal|p1a: Togedemaru|62\/344|[from] item: Leftovers
|-damage|p2a: Basculin-Skyship|38\/100|[from] Leech Seed|[of] p1a: Togedemaru
|-heal|p1a: Togedemaru|97\/344|[silent]
|upkeep
|turn|18
|inactive|Time left: 300 sec this turn | 300 sec total
|inactive|Irly has 60 seconds left.
|inactive|ViZarPKMN has 270 seconds left.
|
|t:|1686428297
|switch|p2a: Urshifu|Urshifu, M|88\/100
|-start|p2a: Urshifu|typechange|Dark\/Ground|[silent]
|move|p1a: Togedemaru|Stealth Rock|p2a: Urshifu
|-sidestart|p2: Irly|move: Stealth Rock
|
|-heal|p1a: Togedemaru|118\/344|[from] item: Leftovers
|upkeep
|turn|19
|inactive|Time left: 280 sec this turn | 280 sec total
|
|t:|1686428301
|move|p1a: Togedemaru|Leech Seed|p2a: Urshifu
|-start|p2a: Urshifu|move: Leech Seed
|move|p2a: Urshifu|Wicked Blow|p1a: Togedemaru
|-damage|p1a: Togedemaru|0 fnt
|-damage|p2a: Urshifu|76\/100|[from] ability: Spiky and Round|[of] p1a: Togedemaru
|faint|p1a: Togedemaru
|
|upkeep
|inactive|Time left: 285 sec this turn | 285 sec total
|
|t:|1686428305
|switch|p1a: Squawkabilly|Squawkabilly, F|58\/368
|-start|p1a: Squawkabilly|typechange|Dark\/Flying|[silent]
|-ability|p1a: Squawkabilly|Intimidate|boost
|-unboost|p2a: Urshifu|atk|1
|turn|20
|inactive|Time left: 295 sec this turn | 295 sec total
|
|t:|1686428309
|move|p1a: Squawkabilly|Roost|p1a: Squawkabilly
|-heal|p1a: Squawkabilly|242\/368
|-singleturn|p1a: Squawkabilly|move: Roost
|move|p2a: Urshifu|U-turn|p1a: Squawkabilly
|-supereffective|p1a: Squawkabilly
|-damage|p1a: Squawkabilly|132\/368
|inactive|Time left: 300 sec this turn | 300 sec total
|
|t:|1686428312
|switch|p2a: Electrode-Ringo|Electrode-Ringo|100\/100|[from]move: U-turn
|-damage|p2a: Electrode-Ringo|88\/100|[from] Stealth Rock
|-start|p2a: Electrode-Ringo|typechange|Electric\/Grass|[silent]
|
|upkeep
|turn|21
|inactive|Time left: 300 sec this turn | 300 sec total
|inactive|Irly has 90 seconds left.
|inactive|ViZarPKMN has 270 seconds left.
|
|t:|1686428349
|switch|p1a: Magearna-Prototype|Magearna-Prototype, F|301\/301
|-start|p1a: Magearna-Prototype|typechange|Fire\/Fairy|[silent]
|move|p2a: Electrode-Ringo|Thunderbolt|p1a: Magearna-Prototype
|-damage|p1a: Magearna-Prototype|43\/301
|-status|p1a: Magearna-Prototype|par
|
|upkeep
|turn|22
|inactive|Time left: 275 sec this turn | 275 sec total
|inactive|ViZarPKMN has 270 seconds left.
|
|t:|1686428361
|move|p2a: Electrode-Ringo|Thunderbolt|p1a: Magearna-Prototype
|-damage|p1a: Magearna-Prototype|0 fnt
|faint|p1a: Magearna-Prototype
|-clearnegativeboost|p2a: Electrode-Ringo|[silent]
|-message|Electrode-Ringo's negative stat changes were removed!
|
|upkeep
|inactive|Time left: 275 sec this turn | 275 sec total
|
|t:|1686428363
|switch|p1a: Lurantis|Lurantis, M|321\/321
|-start|p1a: Lurantis|typechange|Fighting|[silent]
|raw|<ul class="utilichart"><li class="result"><span class="col pokemonnamecol" style="white-space: nowrap">Lurantis<\/span> <span class="col typecol"><img src="https:\/\/play.pokemonshowdown.com\/sprites\/types\/Fighting.png" alt="Fighting" height="14" width="32"><\/span> <span style="float: left ; min-height: 26px"><span class="col abilitycol">Exoskelett<\/span><span class="col abilitycol"><\/span><\/span><\/li><li style="clear: both"><\/li><\/ul>
|raw|<ul class="utilichart"><li class="result"><span style="float: left ; min-height: 26px"><span class="col statcol"><em>HP<\/em><br>90<\/span> <span class="col statcol"><em>Atk<\/em><br>125<\/span> <span class="col statcol"><em>Def<\/em><br>90<\/span> <span class="col statcol"><em>SpA<\/em><br>40<\/span> <span class="col statcol"><em>SpD<\/em><br>90<\/span> <span class="col statcol"><em>Spe<\/em><br>90<\/span> <\/span><\/li><li style="clear: both"><\/li><\/ul>
|turn|23
|inactive|Time left: 285 sec this turn | 285 sec total
|inactive|Irly has 60 seconds left.
|
|t:|1686428408
|switch|p2a: Calyrex-Mythic|Calyrex-Mythic|100\/100
|-damage|p2a: Calyrex-Mythic|88\/100|[from] Stealth Rock
|-start|p2a: Calyrex-Mythic|typechange|Dragon\/Fairy|[silent]
|raw|<ul class="utilichart"><li class="result"><span class="col pokemonnamecol" style="white-space: nowrap">Calyrex-Mythic<\/span> <span class="col typecol"><img src="https:\/\/play.pokemonshowdown.com\/sprites\/types\/Dragon.png" alt="Dragon" height="14" width="32"><img src="https:\/\/play.pokemonshowdown.com\/sprites\/types\/Fairy.png" alt="Fairy" height="14" width="32"><\/span> <span style="float: left ; min-height: 26px"><span class="col abilitycol">Dazzling \/ Aroma Veil \/ Rubber Armor<\/span><span class="col abilitycol"><\/span><\/span><\/li><li style="clear: both"><\/li><\/ul>
|raw|<ul class="utilichart"><li class="result"><span style="float: left ; min-height: 26px"><span class="col statcol"><em>HP<\/em><br>100<\/span> <span class="col statcol"><em>Atk<\/em><br>90<\/span> <span class="col statcol"><em>Def<\/em><br>90<\/span> <span class="col statcol"><em>SpA<\/em><br>90<\/span> <span class="col statcol"><em>SpD<\/em><br>90<\/span> <span class="col statcol"><em>Spe<\/em><br>80<\/span> <\/span><\/li><li style="clear: both"><\/li><\/ul>
|-ability|p2a: Calyrex-Mythic|Rubber Armor
|move|p1a: Lurantis|U-turn|p2a: Calyrex-Mythic
|-resisted|p2a: Calyrex-Mythic
|-damage|p2a: Calyrex-Mythic|78\/100
|inactive|Time left: 285 sec this turn | 285 sec total
|
|t:|1686428411
|switch|p1a: Maushold-Extended|Maushold-Extended, M|311\/311
|-start|p1a: Maushold-Extended|typechange|Normal|[silent]
|raw|<ul class="utilichart"><li class="result"><span class="col pokemonnamecol" style="white-space: nowrap">Maushold-Extended<\/span> <span class="col typecol"><img src="https:\/\/play.pokemonshowdown.com\/sprites\/types\/Normal.png" alt="Normal" height="14" width="32"><\/span> <span style="float: left ; min-height: 26px"><span class="col abilitycol">Technician \/ Cute Charm \/ Tangled Feet<\/span><span class="col abilitycol"><\/span><\/span><\/li><li style="clear: both"><\/li><\/ul>
|raw|<ul class="utilichart"><li class="result"><span style="float: left ; min-height: 26px"><span class="col statcol"><em>HP<\/em><br>85<\/span> <span class="col statcol"><em>Atk<\/em><br>75<\/span> <span class="col statcol"><em>Def<\/em><br>85<\/span> <span class="col statcol"><em>SpA<\/em><br>80<\/span> <span class="col statcol"><em>SpD<\/em><br>85<\/span> <span class="col statcol"><em>Spe<\/em><br>110<\/span> <\/span><\/li><li style="clear: both"><\/li><\/ul>
|
|-heal|p2a: Calyrex-Mythic|84\/100|[from] item: Leftovers
|upkeep
|turn|24
|inactive|Time left: 295 sec this turn | 295 sec total
|
|t:|1686428421
|switch|p2a: Greninja-Ronin|Greninja-Ronin, M|100\/100
|-start|p2a: Greninja-Ronin|typechange|Water\/Ghost|[silent]
|raw|<ul class="utilichart"><li class="result"><span class="col pokemonnamecol" style="white-space: nowrap">Greninja-Ronin<\/span> <span class="col typecol"><img src="https:\/\/play.pokemonshowdown.com\/sprites\/types\/Water.png" alt="Water" height="14" width="32"><img src="https:\/\/play.pokemonshowdown.com\/sprites\/types\/Ghost.png" alt="Ghost" height="14" width="32"><\/span> <span style="float: left ; min-height: 26px"><span class="col abilitycol">Sharpness \/ Moxie \/ Soul-Heart<\/span><span class="col abilitycol"><\/span><\/span><\/li><li style="clear: both"><\/li><\/ul>
|raw|<ul class="utilichart"><li class="result"><span style="float: left ; min-height: 26px"><span class="col statcol"><em>HP<\/em><br>92<\/span> <span class="col statcol"><em>Atk<\/em><br>102<\/span> <span class="col statcol"><em>Def<\/em><br>72<\/span> <span class="col statcol"><em>SpA<\/em><br>105<\/span> <span class="col statcol"><em>SpD<\/em><br>71<\/span> <span class="col statcol"><em>Spe<\/em><br>103<\/span> <\/span><\/li><li style="clear: both"><\/li><\/ul>
|move|p1a: Maushold-Extended|Triple Axel|p2a: Greninja-Ronin
|-resisted|p2a: Greninja-Ronin
|-damage|p2a: Greninja-Ronin|96\/100
|-resisted|p2a: Greninja-Ronin
|-damage|p2a: Greninja-Ronin|86\/100
|-resisted|p2a: Greninja-Ronin
|-damage|p2a: Greninja-Ronin|70\/100
|-hitcount|p2a: Greninja-Ronin|3
|
|upkeep
|turn|25
|inactive|Time left: 300 sec this turn | 300 sec total
|
|t:|1686428428
|move|p1a: Maushold-Extended|Trailblaze||[still]
|-anim|p1a: Maushold-Extended|Branch Poke|p2a: Greninja-Ronin
|-supereffective|p2a: Greninja-Ronin
|-damage|p2a: Greninja-Ronin|19\/100
|-boost|p1a: Maushold-Extended|spe|1
|move|p2a: Greninja-Ronin|Hydro Pump|p1a: Maushold-Extended
|-damage|p1a: Maushold-Extended|127\/311
|
|upkeep
|turn|26
|inactive|Time left: 300 sec this turn | 300 sec total
|inactive|Irly has 30 seconds left.
|inactive|Irly has 20 seconds left.
|inactive|Irly has 15 seconds left.
|inactive|Irly has 10 seconds left.
|inactive|Irly has 5 seconds left.
|-message|Irly lost due to inactivity.
|
|win|ViZarPKMN
|c|+Sticky Fingaa|e
|c|☆ViZarPKMN|that's awkward</script>
</div>
<div class="battle-log battle-log-inline"><div class="inner"><div class="battle-options"><div style="padding-top: 3px; padding-right: 3px; text-align: right"><button class="icon button" name="openBattleOptions" title="Options">Battle Options</button></div></div><div class="inner message-log"><div class="chat"><small>☆ViZarPKMN and ☆Irly joined</small></div><div class=""><small>Format:</small> <br><strong>[Gen 8] Alternatium EX</strong></div><div class=""><small><em>HP Percentage Mod:</em> HP is shown in percentages</small></div><div class=""><small><em>Endless Battle Clause:</em> Forcing endless battles is banned</small></div><div class=""><small><em>OHKO Clause:</em> OHKO moves are banned</small></div><div class=""><small><em>Evasion Moves Clause:</em> Evasion moves are banned</small></div><div class=""><small><em>Dynamax Clause:</em> You cannot dynamax</small></div><div class=""><small><em>Sleep Clause Mod:</em> Limit one foe put to sleep</small></div><div class=""><small><em>Z-Move Clause:</em> Z-Moves are banned</small></div><div class="chat battle-history"><strong>ViZarPKMN's team:</strong> <em style="color:#445566;display:block;">Maushold-Extended / Lurantis / Samurott-Rogue / Magearna-Prototype / Togedemaru / Squawkabilly</em></div><div class="chat battle-history"><strong>Irly's team:</strong> <em style="color:#445566;display:block;">Calyrex-Mythic / Urshifu / Greninja-Ronin / Electrode-Ringo / Basculin-Skyship / Totemaru</em></div><div class="chat message-error">Battle timer is ON: inactive players will automatically lose when time's up. (requested by Irly)</div><div class="chat"><small>+Sticky Fingaa joined</small></div><div class="chat chatmessage-stickyfingaa"><strong style="color:#e76311"><small>+</small><span class="username" data-name="Sticky Fingaa">Sticky Fingaa</span>:</strong> <em>GO VIZ</em></div><div class="chat message-error">Irly has 270 seconds left.</div><div class="spacer battle-history"><br></div><div class="battle-history">Battle started between ViZarPKMN and Irly!<br></div><div class="spacer battle-history"><br></div><div class="battle-history">Go! <strong>Magearna-Prototype</strong>!<br></div><div class="spacer battle-history"><br></div><div class="battle-history">Irly sent out <strong>Urshifu</strong>!<br></div><div class="chat"><ul class="utilichart"><li class="result"><span class="col pokemonnamecol" style="white-space: nowrap">Magearna-Prototype</span> <span class="col typecol"><img src="https://play.pokemonshowdown.com/sprites/types/Fire.png" alt="Fire" height="14" width="32"><img src="https://play.pokemonshowdown.com/sprites/types/Fairy.png" alt="Fairy" height="14" width="32"></span> <span style="float: left ; min-height: 26px"><span class="col abilitycol">Steam Engine / Wind-up Key</span><span class="col abilitycol"></span></span></li><li style="clear: both"></li></ul></div><div class="chat"><ul class="utilichart"><li class="result"><span style="float: left ; min-height: 26px"><span class="col statcol"><em>HP</em><br>80</span> <span class="col statcol"><em>Atk</em><br>65</span> <span class="col statcol"><em>Def</em><br>95</span> <span class="col statcol"><em>SpA</em><br>105</span> <span class="col statcol"><em>SpD</em><br>70</span> <span class="col statcol"><em>Spe</em><br>100</span> </span></li><li style="clear: both"></li></ul></div><div class="chat"><ul class="utilichart"><li class="result"><span class="col pokemonnamecol" style="white-space: nowrap">Urshifu</span> <span class="col typecol"><img src="https://play.pokemonshowdown.com/sprites/types/Dark.png" alt="Dark" height="14" width="32"><img src="https://play.pokemonshowdown.com/sprites/types/Ground.png" alt="Ground" height="14" width="32"></span> <span style="float: left ; min-height: 26px"><span class="col abilitycol">Sand Force / Unseen Fist / Rough Skin</span><span class="col abilitycol"></span></span></li><li style="clear: both"></li></ul></div><div class="chat"><ul class="utilichart"><li class="result"><span style="float: left ; min-height: 26px"><span class="col statcol"><em>HP</em><br>85</span> <span class="col statcol"><em>Atk</em><br>115</span> <span class="col statcol"><em>Def</em><br>130</span> <span class="col statcol"><em>SpA</em><br>63</span> <span class="col statcol"><em>SpD</em><br>90</span> <span class="col statcol"><em>Spe</em><br>72</span> </span></li><li style="clear: both"></li></ul></div><div class="spacer battle-history"><br></div><h2 class="battle-history">Turn 1</h2><div class="chat message-error">Irly has 270 seconds left.</div><div class="chat message-error">Irly has 240 seconds left.</div><div class="chat message-error">ViZarPKMN has 270 seconds left.</div><div class="chat message-error">Irly has 210 seconds left.</div><div class="spacer battle-history"><br></div><div class="battle-history">Magearna-Prototype, come back!<br></div><div class="battle-history">Go! <strong>Squawkabilly</strong>!<br></div><div class="chat"><ul class="utilichart"><li class="result"><span class="col pokemonnamecol" style="white-space: nowrap">Squawkabilly</span> <span class="col typecol"><img src="https://play.pokemonshowdown.com/sprites/types/Dark.png" alt="Dark" height="14" width="32"><img src="https://play.pokemonshowdown.com/sprites/types/Flying.png" alt="Flying" height="14" width="32"></span> <span style="float: left ; min-height: 26px"><span class="col abilitycol">Intimidate / Flock / Hustle</span><span class="col abilitycol"></span></span></li><li style="clear: both"></li></ul></div><div class="chat"><ul class="utilichart"><li class="result"><span style="float: left ; min-height: 26px"><span class="col statcol"><em>HP</em><br>82</span> <span class="col statcol"><em>Atk</em><br>106</span> <span class="col statcol"><em>Def</em><br>91</span> <span class="col statcol"><em>SpA</em><br>45</span> <span class="col statcol"><em>SpD</em><br>71</span> <span class="col statcol"><em>Spe</em><br>122</span> </span></li><li style="clear: both"></li></ul></div><div class="battle-history">[Squawkabilly's Intimidate]<br></div><div class="battle-history"><small>The opposing Urshifu's Attack fell!</small><br></div><div class="spacer battle-history"><br></div><div class="battle-history">Irly withdrew Urshifu!<br></div><div class="battle-history">Irly sent out <strong>Totemaru</strong>!<br></div><div class="chat"><ul class="utilichart"><li class="result"><span class="col pokemonnamecol" style="white-space: nowrap">Totemaru</span> <span class="col typecol"><img src="https://play.pokemonshowdown.com/sprites/types/Fire.png" alt="Fire" height="14" width="32"><img src="https://play.pokemonshowdown.com/sprites/types/Poison.png" alt="Poison" height="14" width="32"></span> <span style="float: left ; min-height: 26px"><span class="col abilitycol">Roll Romp / Blaze</span><span class="col abilitycol"></span></span></li><li style="clear: both"></li></ul></div><div class="chat"><ul class="utilichart"><li class="result"><span style="float: left ; min-height: 26px"><span class="col statcol"><em>HP</em><br>90</span> <span class="col statcol"><em>Atk</em><br>127</span> <span class="col statcol"><em>Def</em><br>70</span> <span class="col statcol"><em>SpA</em><br>65</span> <span class="col statcol"><em>SpD</em><br>73</span> <span class="col statcol"><em>Spe</em><br>90</span> </span></li><li style="clear: both"></li></ul></div><div class="spacer battle-history"><br></div><h2 class="battle-history">Turn 2</h2><div class="chat message-error">Irly has 180 seconds left.</div><div class="chat message-error">Irly has 150 seconds left.</div><div class="chat message-error">Irly has 120 seconds left.</div><div class="chat message-error">ViZarPKMN has 240 seconds left.</div><div class="chat message-error">ViZarPKMN has 210 seconds left.</div><div class="spacer battle-history"><br></div><div class="battle-history">Squawkabilly used <strong>Knock Off</strong>!<br></div><div class="battle-history"><small>(The opposing Totemaru lost 51% of its health!)</small><br></div><div class="battle-history"><small>Squawkabilly knocked off the opposing Totemaru's Heavy-Duty Boots!</small><br></div><div class="spacer battle-history"><br></div><div class="battle-history">The opposing Totemaru used <strong>U-turn</strong>!<br></div><div class="battle-history"><small>(Squawkabilly lost <abbr title="−81/368">22.0%</abbr> of its health!)</small><br></div><div class="spacer battle-history"><br></div><div class="battle-history">The opposing Totemaru went back to Irly!<br></div><div class="battle-history">Irly sent out <strong>Electrode-Ringo</strong>!<br></div><div class="chat"><ul class="utilichart"><li class="result"><span class="col pokemonnamecol" style="white-space: nowrap">Electrode-Ringo</span> <span class="col typecol"><img src="https://play.pokemonshowdown.com/sprites/types/Electric.png" alt="Electric" height="14" width="32"><img src="https://play.pokemonshowdown.com/sprites/types/Grass.png" alt="Grass" height="14" width="32"></span> <span style="float: left ; min-height: 26px"><span class="col abilitycol">Harvest / Regenerator / Aftermath</span><span class="col abilitycol"></span></span></li><li style="clear: both"></li></ul></div><div class="chat"><ul class="utilichart"><li class="result"><span style="float: left ; min-height: 26px"><span class="col statcol"><em>HP</em><br>80</span> <span class="col statcol"><em>Atk</em><br>105</span> <span class="col statcol"><em>Def</em><br>75</span> <span class="col statcol"><em>SpA</em><br>95</span> <span class="col statcol"><em>SpD</em><br>70</span> <span class="col statcol"><em>Spe</em><br>125</span> </span></li><li style="clear: both"></li></ul></div><div class="spacer battle-history"><br></div><h2 class="battle-history">Turn 3</h2><div class="spacer battle-history"><br></div><div class="battle-history">Squawkabilly, come back!<br></div><div class="battle-history">Go! <strong>Togedemaru</strong>!<br></div><div class="chat"><ul class="utilichart"><li class="result"><span class="col pokemonnamecol" style="white-space: nowrap">Togedemaru</span> <span class="col typecol"><img src="https://play.pokemonshowdown.com/sprites/types/Grass.png" alt="Grass" height="14" width="32"><img src="https://play.pokemonshowdown.com/sprites/types/Steel.png" alt="Steel" height="14" width="32"></span> <span style="float: left ; min-height: 26px"><span class="col abilitycol">Spiky and Round</span><span class="col abilitycol"></span></span></li><li style="clear: both"></li></ul></div><div class="chat"><ul class="utilichart"><li class="result"><span style="float: left ; min-height: 26px"><span class="col statcol"><em>HP</em><br>70</span> <span class="col statcol"><em>Atk</em><br>90</span> <span class="col statcol"><em>Def</em><br>126</span> <span class="col statcol"><em>SpA</em><br>44</span> <span class="col statcol"><em>SpD</em><br>100</span> <span class="col statcol"><em>Spe</em><br>100</span> </span></li><li style="clear: both"></li></ul></div><div class="spacer battle-history"><br></div><div class="battle-history">The opposing Electrode-Ringo used <strong>Volt Switch</strong>!<br></div><div class="battle-history"><small>It's not very effective...</small><br></div><div class="battle-history"><small>(Togedemaru lost <abbr title="−62/344">18.0%</abbr> of its health!)</small><br></div><div class="spacer battle-history"><br></div><div class="battle-history">The opposing Electrode-Ringo went back to Irly!<br></div><div class="battle-history">Irly sent out <strong>Totemaru</strong>!<br></div><div class="spacer battle-history"><br></div><div class="battle-history"><small>Togedemaru restored a little HP using its Leftovers!</small><br></div><div class="spacer battle-history"><br></div><h2 class="battle-history">Turn 4</h2><div class="spacer battle-history"><br></div><div class="battle-history">Togedemaru, come back!<br></div><div class="battle-history">Go! <strong>Squawkabilly</strong>!<br></div><div class="battle-history">[Squawkabilly's Intimidate]<br></div><div class="battle-history"><small>The opposing Totemaru's Attack fell!</small><br></div><div class="spacer battle-history"><br></div><div class="battle-history">The opposing Totemaru used <strong>Pyro Ball</strong>!<br></div><div class="battle-history"><small>(Squawkabilly lost <abbr title="−133/368">36.1%</abbr> of its health!)</small><br></div><div class="spacer battle-history"><br></div><h2 class="battle-history">Turn 5</h2><div class="chat message-error">Irly has 120 seconds left.</div><div class="spacer battle-history"><br></div><div class="battle-history">Irly withdrew Totemaru!<br></div><div class="battle-history">Irly sent out <strong>Urshifu</strong>!<br></div><div class="spacer battle-history"><br></div><div class="battle-history">Squawkabilly used <strong>Roost</strong>!<br></div><div class="battle-history"><small>Squawkabilly had its HP restored.</small><br></div><div class="battle-history"><small>(Squawkabilly loses Flying type this turn.)</small><br></div><div class="spacer battle-history"><br></div><h2 class="battle-history">Turn 6</h2><div class="chat message-error">Irly has 120 seconds left.</div><div class="spacer battle-history"><br></div><div class="battle-history">Squawkabilly used <strong>Knock Off</strong>!<br></div><div class="battle-history"><small>It's not very effective...</small><br></div><div class="battle-history"><small>(The opposing Urshifu lost 12% of its health!)</small><br></div><div class="battle-history">[The opposing Urshifu's Rough Skin]<br><small>Squawkabilly was hurt!</small><br></div><div class="battle-history"><small>Squawkabilly knocked off the opposing Urshifu's Leftovers!</small><br></div><div class="spacer battle-history"><br></div><div class="battle-history">The opposing Urshifu used <strong>Stealth Rock</strong>!<br></div><div class="battle-history"><small>Pointed stones float in the air around your team!</small><br></div><div class="spacer battle-history"><br></div><h2 class="battle-history">Turn 7</h2><div class="spacer battle-history"><br></div><div class="battle-history">Squawkabilly used <strong>Defog</strong>!<br></div><div class="battle-history"><small>The opposing Urshifu's evasiveness fell!</small><br></div><div class="battle-history"><small>The pointed stones disappeared from around your team!</small><br></div><div class="spacer battle-history"><br></div><div class="battle-history">The opposing Urshifu used <strong>U-turn</strong>!<br></div><div class="battle-history"><small>(Squawkabilly lost <abbr title="−93/368">25.3%</abbr> of its health!)</small><br></div><div class="spacer battle-history"><br></div><div class="battle-history">The opposing Urshifu went back to Irly!<br></div><div class="battle-history">Irly sent out <strong>Electrode-Ringo</strong>!<br></div><div class="spacer battle-history"><br></div><h2 class="battle-history">Turn 8</h2><div class="spacer battle-history"><br></div><div class="battle-history">Squawkabilly, come back!<br></div><div class="battle-history">Go! <strong>Togedemaru</strong>!<br></div><div class="spacer battle-history"><br></div><div class="battle-history">The opposing Electrode-Ringo used <strong>Volt Switch</strong>!<br></div><div class="battle-history"><small>It's not very effective...</small><br></div><div class="battle-history"><small>(Togedemaru lost <abbr title="−55/344">16.0%</abbr> of its health!)</small><br></div><div class="spacer battle-history"><br></div><div class="battle-history">The opposing Electrode-Ringo went back to Irly!<br></div><div class="battle-history">Irly sent out <strong>Urshifu</strong>!<br></div><div class="spacer battle-history"><br></div><div class="battle-history"><small>Togedemaru restored a little HP using its Leftovers!</small><br></div><div class="spacer battle-history"><br></div><h2 class="battle-history">Turn 9</h2><div class="chat message-error">Irly has 150 seconds left.</div><div class="spacer battle-history"><br></div><div class="battle-history">Irly withdrew Urshifu!<br></div><div class="battle-history">Irly sent out <strong>Totemaru</strong>!<br></div><div class="spacer battle-history"><br></div><div class="battle-history">Togedemaru used <strong>Power Whip</strong>!<br></div><div class="battle-history"><small>The opposing Totemaru avoided the attack!</small><br></div><div class="spacer battle-history"><br></div><div class="battle-history"><small>Togedemaru restored a little HP using its Leftovers!</small><br></div><div class="spacer battle-history"><br></div><h2 class="battle-history">Turn 10</h2><div class="spacer battle-history"><br></div><div class="battle-history">Togedemaru, come back!<br></div><div class="battle-history">Go! <strong>Squawkabilly</strong>!<br></div><div class="battle-history">[Squawkabilly's Intimidate]<br></div><div class="battle-history"><small>The opposing Totemaru's Attack fell!</small><br></div><div class="spacer battle-history"><br></div><div class="battle-history">The opposing Totemaru used <strong>U-turn</strong>!<br></div><div class="battle-history"><small>(Squawkabilly lost <abbr title="−56/368">15.2%</abbr> of its health!)</small><br></div><div class="spacer battle-history"><br></div><div class="battle-history">The opposing Totemaru went back to Irly!<br></div><div class="battle-history">Irly sent out <strong>Electrode-Ringo</strong>!<br></div><div class="spacer battle-history"><br></div><h2 class="battle-history">Turn 11</h2><div class="chat message-error">Irly has 150 seconds left.</div><div class="spacer battle-history"><br></div><div class="battle-history">Squawkabilly, come back!<br></div><div class="battle-history">Go! <strong>Togedemaru</strong>!<br></div><div class="spacer battle-history"><br></div><div class="battle-history">The opposing Electrode-Ringo used <strong>Volt Switch</strong>!<br></div><div class="battle-history"><small>It's not very effective...</small><br></div><div class="battle-history"><small>(Togedemaru lost <abbr title="−57/344">16.6%</abbr> of its health!)</small><br></div><div class="spacer battle-history"><br></div><div class="battle-history">The opposing Electrode-Ringo went back to Irly!<br></div><div class="battle-history">Irly sent out <strong>Totemaru</strong>!<br></div><div class="spacer battle-history"><br></div><div class="battle-history"><small>Togedemaru restored a little HP using its Leftovers!</small><br></div><div class="spacer battle-history"><br></div><h2 class="battle-history">Turn 12</h2><div class="spacer battle-history"><br></div><div class="battle-history">Togedemaru, come back!<br></div><div class="battle-history">Go! <strong>Samurott-Rogue</strong>!<br></div><div class="chat"><ul class="utilichart"><li class="result"><span class="col pokemonnamecol" style="white-space: nowrap">Samurott-Rogue</span> <span class="col typecol"><img src="https://play.pokemonshowdown.com/sprites/types/Water.png" alt="Water" height="14" width="32"><img src="https://play.pokemonshowdown.com/sprites/types/Dark.png" alt="Dark" height="14" width="32"></span> <span style="float: left ; min-height: 26px"><span class="col abilitycol">Torrent / Water Veil / Defiant</span><span class="col abilitycol"></span></span></li><li style="clear: both"></li></ul></div><div class="chat"><ul class="utilichart"><li class="result"><span style="float: left ; min-height: 26px"><span class="col statcol"><em>HP</em><br>90</span> <span class="col statcol"><em>Atk</em><br>118</span> <span class="col statcol"><em>Def</em><br>80</span> <span class="col statcol"><em>SpA</em><br>95</span> <span class="col statcol"><em>SpD</em><br>77</span> <span class="col statcol"><em>Spe</em><br>80</span> </span></li><li style="clear: both"></li></ul></div><div class="spacer battle-history"><br></div><div class="battle-history">The opposing Totemaru used <strong>Pyro Ball</strong>!<br></div><div class="battle-history"><small>It's not very effective...</small><br></div><div class="battle-history"><small>(Samurott-Rogue lost <abbr title="−135/384">35.2%</abbr> of its health!)</small><br></div><div class="spacer battle-history"><br></div><h2 class="battle-history">Turn 13</h2><div class="chat message-error">Irly has 150 seconds left.</div><div class="chat message-error">Irly has 120 seconds left.</div><div class="chat message-error">ViZarPKMN has 270 seconds left.</div><div class="spacer battle-history"><br></div><div class="battle-history"><small>(The opposing Totemaru is being withdrawn...)</small><br></div><div class="spacer battle-history"><br></div><div class="battle-history">Samurott-Rogue used <strong>Pursuit</strong>!<br></div><div class="battle-history"><small>(The opposing Totemaru lost 49% of its health!)</small><br></div><div class="battle-history"><small>(A Pokemon can't switch between when it runs out of HP and when it faints)</small><br></div><div class="spacer battle-history"><br></div><div class="battle-history">The opposing Totemaru fainted!<br></div><div class="spacer battle-history"><br></div><div class="battle-history">Irly sent out <strong>Electrode-Ringo</strong>!<br></div><div class="spacer battle-history"><br></div><h2 class="battle-history">Turn 14</h2><div class="spacer battle-history"><br></div><div class="battle-history">Samurott-Rogue, come back!<br></div><div class="battle-history">Go! <strong>Togedemaru</strong>!<br></div><div class="spacer battle-history"><br></div><div class="battle-history">The opposing Electrode-Ringo used <strong>Volt Switch</strong>!<br></div><div class="battle-history"><small>It's not very effective...</small><br></div><div class="battle-history"><small>(Togedemaru lost <abbr title="−61/344">17.7%</abbr> of its health!)</small><br></div><div class="chat message-error">Irly has 120 seconds left.</div><div class="chat message-error">Irly has 90 seconds left.</div><div class="chat message-error">Irly has 60 seconds left.</div><div class="spacer battle-history"><br></div><div class="battle-history">The opposing Electrode-Ringo went back to Irly!<br></div><div class="battle-history">Irly sent out <strong>Basculin-Skyship</strong>!<br></div><div class="chat"><ul class="utilichart"><li class="result"><span class="col pokemonnamecol" style="white-space: nowrap">Basculin-Skyship</span> <span class="col typecol"><img src="https://play.pokemonshowdown.com/sprites/types/Flying.png" alt="Flying" height="14" width="32"><img src="https://play.pokemonshowdown.com/sprites/types/Steel.png" alt="Steel" height="14" width="32"></span> <span style="float: left ; min-height: 26px"><span class="col abilitycol">Gale Wings / Light Metal / Sky Breach</span><span class="col abilitycol"></span></span></li><li style="clear: both"></li></ul></div><div class="chat"><ul class="utilichart"><li class="result"><span style="float: left ; min-height: 26px"><span class="col statcol"><em>HP</em><br>70</span> <span class="col statcol"><em>Atk</em><br>92</span> <span class="col statcol"><em>Def</em><br>65</span> <span class="col statcol"><em>SpA</em><br>80</span> <span class="col statcol"><em>SpD</em><br>55</span> <span class="col statcol"><em>Spe</em><br>118</span> </span></li><li style="clear: both"></li></ul></div><div class="spacer battle-history"><br></div><div class="battle-history"><small>Togedemaru restored a little HP using its Leftovers!</small><br></div><div class="spacer battle-history"><br></div><h2 class="battle-history">Turn 15</h2><div class="spacer battle-history"><br></div><div class="battle-history">The opposing Basculin-Skyship used <strong>Liquidation</strong>!<br></div><div class="battle-history"><small>(Togedemaru lost <abbr title="−141/344">41.0%</abbr> of its health!)</small><br></div><div class="battle-history">[Togedemaru's Spiky and Round]<br><small>(The opposing Basculin-Skyship was hurt!)</small><br></div><div class="spacer battle-history"><br></div><div class="battle-history">Togedemaru used <strong>Leech Seed</strong>!<br></div><div class="battle-history"><small>The opposing Basculin-Skyship was seeded!</small><br></div><div class="spacer battle-history"><br></div><div class="battle-history"><small>Togedemaru restored a little HP using its Leftovers!</small><br></div><div class="battle-history"><small>The opposing Basculin-Skyship's health is sapped by Leech Seed!</small><br></div><div class="spacer battle-history"><br></div><h2 class="battle-history">Turn 16</h2><div class="spacer battle-history"><br></div><div class="battle-history">Togedemaru, come back!<br></div><div class="battle-history">Go! <strong>Squawkabilly</strong>!<br></div><div class="battle-history">[Squawkabilly's Intimidate]<br></div><div class="battle-history"><small>The opposing Basculin-Skyship's Attack fell!</small><br></div><div class="spacer battle-history"><br></div><div class="battle-history">The opposing Basculin-Skyship used <strong>Liquidation</strong>!<br></div><div class="battle-history"><small>(Squawkabilly lost <abbr title="−120/368">32.6%</abbr> of its health!)</small><br></div><div class="battle-history"><small>Squawkabilly's Defense fell!</small><br></div><div class="spacer battle-history"><br></div><div class="battle-history"><small>The opposing Basculin-Skyship's health is sapped by Leech Seed!</small><br></div><div class="spacer battle-history"><br></div><h2 class="battle-history">Turn 17</h2><div class="spacer battle-history"><br></div><div class="battle-history">Squawkabilly, come back!<br></div><div class="battle-history">Go! <strong>Togedemaru</strong>!<br></div><div class="spacer battle-history"><br></div><div class="battle-history">The opposing Basculin-Skyship used <strong>Liquidation</strong>!<br></div><div class="battle-history"><small>(Togedemaru lost <abbr title="−88/344">25.6%</abbr> of its health!)</small><br></div><div class="battle-history">[Togedemaru's Spiky and Round]<br><small>(The opposing Basculin-Skyship was hurt!)</small><br></div><div class="spacer battle-history"><br></div><div class="battle-history"><small>Togedemaru restored a little HP using its Leftovers!</small><br></div><div class="battle-history"><small>The opposing Basculin-Skyship's health is sapped by Leech Seed!</small><br></div><div class="spacer battle-history"><br></div><h2 class="battle-history">Turn 18</h2><div class="chat message-error">Irly has 60 seconds left.</div><div class="chat message-error">ViZarPKMN has 270 seconds left.</div><div class="spacer battle-history"><br></div><div class="battle-history">Irly withdrew Basculin-Skyship!<br></div><div class="battle-history">Irly sent out <strong>Urshifu</strong>!<br></div><div class="spacer battle-history"><br></div><div class="battle-history">Togedemaru used <strong>Stealth Rock</strong>!<br></div><div class="battle-history"><small>Pointed stones float in the air around the opposing team!</small><br></div><div class="spacer battle-history"><br></div><div class="battle-history"><small>Togedemaru restored a little HP using its Leftovers!</small><br></div><div class="spacer battle-history"><br></div><h2 class="battle-history">Turn 19</h2><div class="spacer battle-history"><br></div><div class="battle-history">Togedemaru used <strong>Leech Seed</strong>!<br></div><div class="battle-history"><small>The opposing Urshifu was seeded!</small><br></div><div class="spacer battle-history"><br></div><div class="battle-history">The opposing Urshifu used <strong>Wicked Blow</strong>!<br></div><div class="battle-history"><small>(Togedemaru lost <abbr title="−118/344">34.3%</abbr> of its health!)</small><br></div><div class="battle-history">[Togedemaru's Spiky and Round]<br><small>(The opposing Urshifu was hurt!)</small><br></div><div class="spacer battle-history"><br></div><div class="battle-history">Togedemaru fainted!<br></div><div class="spacer battle-history"><br></div><div class="battle-history">Go! <strong>Squawkabilly</strong>!<br></div><div class="battle-history">[Squawkabilly's Intimidate]<br></div><div class="battle-history"><small>The opposing Urshifu's Attack fell!</small><br></div><div class="spacer battle-history"><br></div><h2 class="battle-history">Turn 20</h2><div class="spacer battle-history"><br></div><div class="battle-history">Squawkabilly used <strong>Roost</strong>!<br></div><div class="battle-history"><small>Squawkabilly had its HP restored.</small><br></div><div class="battle-history"><small>(Squawkabilly loses Flying type this turn.)</small><br></div><div class="spacer battle-history"><br></div><div class="battle-history">The opposing Urshifu used <strong>U-turn</strong>!<br></div><div class="battle-history"><small>It's super effective!</small><br></div><div class="battle-history"><small>(Squawkabilly lost <abbr title="−110/368">29.9%</abbr> of its health!)</small><br></div><div class="spacer battle-history"><br></div><div class="battle-history">The opposing Urshifu went back to Irly!<br></div><div class="battle-history">Irly sent out <strong>Electrode-Ringo</strong>!<br></div><div class="battle-history"><small>Pointed stones dug into the opposing Electrode-Ringo!</small><br></div><div class="spacer battle-history"><br></div><h2 class="battle-history">Turn 21</h2><div class="chat message-error">Irly has 90 seconds left.</div><div class="chat message-error">ViZarPKMN has 270 seconds left.</div><div class="spacer battle-history"><br></div><div class="battle-history">Squawkabilly, come back!<br></div><div class="battle-history">Go! <strong>Magearna-Prototype</strong>!<br></div><div class="spacer battle-history"><br></div><div class="battle-history">The opposing Electrode-Ringo used <strong>Thunderbolt</strong>!<br></div><div class="battle-history"><small>(Magearna-Prototype lost <abbr title="−258/301">85.7%</abbr> of its health!)</small><br></div><div class="battle-history"><small>Magearna-Prototype is paralyzed! It may be unable to move!</small><br></div><div class="spacer battle-history"><br></div><h2 class="battle-history">Turn 22</h2><div class="chat message-error">ViZarPKMN has 270 seconds left.</div><div class="spacer battle-history"><br></div><div class="battle-history">The opposing Electrode-Ringo used <strong>Thunderbolt</strong>!<br></div><div class="battle-history"><small>(Magearna-Prototype lost <abbr title="−43/301">14.3%</abbr> of its health!)</small><br></div><div class="spacer battle-history"><br></div><div class="battle-history">Magearna-Prototype fainted!<br></div><div class="battle-history"><small>Electrode-Ringo's negative stat changes were removed!</small><br></div><div class="spacer battle-history"><br></div><div class="battle-history">Go! <strong>Lurantis</strong>!<br></div><div class="chat"><ul class="utilichart"><li class="result"><span class="col pokemonnamecol" style="white-space: nowrap">Lurantis</span> <span class="col typecol"><img src="https://play.pokemonshowdown.com/sprites/types/Fighting.png" alt="Fighting" height="14" width="32"></span> <span style="float: left ; min-height: 26px"><span class="col abilitycol">Exoskelett</span><span class="col abilitycol"></span></span></li><li style="clear: both"></li></ul></div><div class="chat"><ul class="utilichart"><li class="result"><span style="float: left ; min-height: 26px"><span class="col statcol"><em>HP</em><br>90</span> <span class="col statcol"><em>Atk</em><br>125</span> <span class="col statcol"><em>Def</em><br>90</span> <span class="col statcol"><em>SpA</em><br>40</span> <span class="col statcol"><em>SpD</em><br>90</span> <span class="col statcol"><em>Spe</em><br>90</span> </span></li><li style="clear: both"></li></ul></div><div class="spacer battle-history"><br></div><h2 class="battle-history">Turn 23</h2><div class="chat message-error">Irly has 60 seconds left.</div><div class="spacer battle-history"><br></div><div class="battle-history">Irly withdrew Electrode-Ringo!<br></div><div class="battle-history">Irly sent out <strong>Calyrex-Mythic</strong>!<br></div><div class="battle-history"><small>Pointed stones dug into the opposing Calyrex-Mythic!</small><br></div><div class="chat"><ul class="utilichart"><li class="result"><span class="col pokemonnamecol" style="white-space: nowrap">Calyrex-Mythic</span> <span class="col typecol"><img src="https://play.pokemonshowdown.com/sprites/types/Dragon.png" alt="Dragon" height="14" width="32"><img src="https://play.pokemonshowdown.com/sprites/types/Fairy.png" alt="Fairy" height="14" width="32"></span> <span style="float: left ; min-height: 26px"><span class="col abilitycol">Dazzling / Aroma Veil / Rubber Armor</span><span class="col abilitycol"></span></span></li><li style="clear: both"></li></ul></div><div class="chat"><ul class="utilichart"><li class="result"><span style="float: left ; min-height: 26px"><span class="col statcol"><em>HP</em><br>100</span> <span class="col statcol"><em>Atk</em><br>90</span> <span class="col statcol"><em>Def</em><br>90</span> <span class="col statcol"><em>SpA</em><br>90</span> <span class="col statcol"><em>SpD</em><br>90</span> <span class="col statcol"><em>Spe</em><br>80</span> </span></li><li style="clear: both"></li></ul></div><div class="battle-history">[The opposing Calyrex-Mythic's Rubber Armor]<br></div><div class="spacer battle-history"><br></div><div class="battle-history">Lurantis used <strong>U-turn</strong>!<br></div><div class="battle-history"><small>It's not very effective...</small><br></div><div class="battle-history"><small>(The opposing Calyrex-Mythic lost 10% of its health!)</small><br></div><div class="spacer battle-history"><br></div><div class="battle-history">Lurantis went back to ViZarPKMN!<br></div><div class="battle-history">Go! <strong>Maushold-Extended</strong>!<br></div><div class="chat"><ul class="utilichart"><li class="result"><span class="col pokemonnamecol" style="white-space: nowrap">Maushold-Extended</span> <span class="col typecol"><img src="https://play.pokemonshowdown.com/sprites/types/Normal.png" alt="Normal" height="14" width="32"></span> <span style="float: left ; min-height: 26px"><span class="col abilitycol">Technician / Cute Charm / Tangled Feet</span><span class="col abilitycol"></span></span></li><li style="clear: both"></li></ul></div><div class="chat"><ul class="utilichart"><li class="result"><span style="float: left ; min-height: 26px"><span class="col statcol"><em>HP</em><br>85</span> <span class="col statcol"><em>Atk</em><br>75</span> <span class="col statcol"><em>Def</em><br>85</span> <span class="col statcol"><em>SpA</em><br>80</span> <span class="col statcol"><em>SpD</em><br>85</span> <span class="col statcol"><em>Spe</em><br>110</span> </span></li><li style="clear: both"></li></ul></div><div class="spacer battle-history"><br></div><div class="battle-history"><small>The opposing Calyrex-Mythic restored a little HP using its Leftovers!</small><br></div><div class="spacer battle-history"><br></div><h2 class="battle-history">Turn 24</h2><div class="spacer battle-history"><br></div><div class="battle-history">Irly withdrew Calyrex-Mythic!<br></div><div class="battle-history">Irly sent out <strong>Greninja-Ronin</strong>!<br></div><div class="chat"><ul class="utilichart"><li class="result"><span class="col pokemonnamecol" style="white-space: nowrap">Greninja-Ronin</span> <span class="col typecol"><img src="https://play.pokemonshowdown.com/sprites/types/Water.png" alt="Water" height="14" width="32"><img src="https://play.pokemonshowdown.com/sprites/types/Ghost.png" alt="Ghost" height="14" width="32"></span> <span style="float: left ; min-height: 26px"><span class="col abilitycol">Sharpness / Moxie / Soul-Heart</span><span class="col abilitycol"></span></span></li><li style="clear: both"></li></ul></div><div class="chat"><ul class="utilichart"><li class="result"><span style="float: left ; min-height: 26px"><span class="col statcol"><em>HP</em><br>92</span> <span class="col statcol"><em>Atk</em><br>102</span> <span class="col statcol"><em>Def</em><br>72</span> <span class="col statcol"><em>SpA</em><br>105</span> <span class="col statcol"><em>SpD</em><br>71</span> <span class="col statcol"><em>Spe</em><br>103</span> </span></li><li style="clear: both"></li></ul></div><div class="spacer battle-history"><br></div><div class="battle-history">Maushold-Extended used <strong>Triple Axel</strong>!<br></div><div class="battle-history"><small>It's not very effective...</small><br></div><div class="battle-history"><small>(The opposing Greninja-Ronin lost 4% of its health!)</small><br></div><div class="battle-history"><small>It's not very effective...</small><br></div><div class="battle-history"><small>(The opposing Greninja-Ronin lost 10% of its health!)</small><br></div><div class="battle-history"><small>It's not very effective...</small><br></div><div class="battle-history"><small>(The opposing Greninja-Ronin lost 16% of its health!)</small><br></div><div class="battle-history"><small>The Pokémon was hit 3 times!</small><br></div><div class="spacer battle-history"><br></div><h2 class="battle-history">Turn 25</h2><div class="spacer battle-history"><br></div><div class="battle-history">Maushold-Extended used <strong>Trailblaze</strong>!<br></div><div class="battle-history"><small>It's super effective!</small><br></div><div class="battle-history"><small>(The opposing Greninja-Ronin lost 51% of its health!)</small><br></div><div class="battle-history"><small>Maushold-Extended's Speed rose!</small><br></div><div class="spacer battle-history"><br></div><div class="battle-history">The opposing Greninja-Ronin used <strong>Hydro Pump</strong>!<br></div><div class="battle-history"><small>(Maushold-Extended lost <abbr title="−184/311">59.2%</abbr> of its health!)</small><br></div><div class="spacer battle-history"><br></div><h2 class="battle-history">Turn 26</h2><div class="chat message-error">Irly has 30 seconds left.</div><div class="chat message-error">Irly has 20 seconds left.</div><div class="chat message-error">Irly has 15 seconds left.</div><div class="chat message-error">Irly has 10 seconds left.</div><div class="chat message-error">Irly has 5 seconds left.</div><div class="spacer battle-history"><br></div><div class="battle-history"><small>Irly lost due to inactivity.</small><br></div><div class="spacer battle-history"><br></div><div class="battle-history"><strong>ViZarPKMN</strong> won the battle!<br></div><div class="chat chatmessage-stickyfingaa"><strong style="color:#e76311"><small>+</small><span class="username" data-name="Sticky Fingaa">Sticky Fingaa</span>:</strong> <em>e</em></div><div class="chat chatmessage-vizarpkmn mine"><strong style="color:#4f78c0"><small>☆</small><span class="username" data-name="ViZarPKMN">ViZarPKMN</span>:</strong> <em>that's awkward</em></div></div><div class="inner-preempt message-log"></div></div></div>
</div>
<script>
let daily = Math.floor(Date.now()/1000/60/60/24);document.write('<script src="https://dragonheaven.herokuapp.com/js/replay-embed.js?version'+daily+'"></'+'script>');
</script>
