<!DOCTYPE html>
<meta charset="utf-8" />
<!-- version 1 -->
<title>[Gen 8] Fusion Evolution Gen 9 replay: BlazingHero657 vs. Z Strats</title>
<style>
html,body {font-family:Verdana, sans-serif;font-size:10pt;margin:0;padding:0;}body{padding:12px 0;} .battle-log {font-family:Verdana, sans-serif;font-size:10pt;} .battle-log-inline {border:1px solid #AAAAAA;background:#EEF2F5;color:black;max-width:640px;margin:0 auto 80px;padding-bottom:5px;} .battle-log .inner {padding:4px 8px 0px 8px;} .battle-log .inner-preempt {padding:0 8px 4px 8px;} .battle-log .inner-after {margin-top:0.5em;} .battle-log h2 {margin:0.5em -8px;padding:4px 8px;border:1px solid #AAAAAA;background:#E0E7EA;border-left:0;border-right:0;font-family:Verdana, sans-serif;font-size:13pt;} .battle-log .chat {vertical-align:middle;padding:3px 0 3px 0;font-size:8pt;} .battle-log .chat strong {color:#40576A;} .battle-log .chat em {padding:1px 4px 1px 3px;color:#000000;font-style:normal;} .chat.mine {background:rgba(0,0,0,0.05);margin-left:-8px;margin-right:-8px;padding-left:8px;padding-right:8px;} .spoiler {color:#BBBBBB;background:#BBBBBB;padding:0px 3px;} .spoiler:hover, .spoiler:active, .spoiler-shown {color:#000000;background:#E2E2E2;padding:0px 3px;} .spoiler a {color:#BBBBBB;} .spoiler:hover a, .spoiler:active a, .spoiler-shown a {color:#2288CC;} .chat code, .chat .spoiler:hover code, .chat .spoiler:active code, .chat .spoiler-shown code {border:1px solid #C0C0C0;background:#EEEEEE;color:black;padding:0 2px;} .chat .spoiler code {border:1px solid #CCCCCC;background:#CCCCCC;color:#CCCCCC;} .battle-log .rated {padding:3px 4px;} .battle-log .rated strong {color:white;background:#89A;padding:1px 4px;border-radius:4px;} .spacer {margin-top:0.5em;} .message-announce {background:#6688AA;color:white;padding:1px 4px 2px;} .message-announce a, .broadcast-green a, .broadcast-blue a, .broadcast-red a {color:#DDEEFF;} .broadcast-green {background-color:#559955;color:white;padding:2px 4px;} .broadcast-blue {background-color:#6688AA;color:white;padding:2px 4px;} .infobox {border:1px solid #6688AA;padding:2px 4px;} .infobox-limited {max-height:200px;overflow:auto;overflow-x:hidden;} .broadcast-red {background-color:#AA5544;color:white;padding:2px 4px;} .message-learn-canlearn {font-weight:bold;color:#228822;text-decoration:underline;} .message-learn-cannotlearn {font-weight:bold;color:#CC2222;text-decoration:underline;} .message-effect-weak {font-weight:bold;color:#CC2222;} .message-effect-resist {font-weight:bold;color:#6688AA;} .message-effect-immune {font-weight:bold;color:#666666;} .message-learn-list {margin-top:0;margin-bottom:0;} .message-throttle-notice, .message-error {color:#992222;} .message-overflow, .chat small.message-overflow {font-size:0pt;} .message-overflow::before {font-size:9pt;content:'...';} .subtle {color:#3A4A66;}
</style>
<div class="wrapper replay-wrapper" style="max-width:1180px;margin:0 auto">
<input type="hidden" name="replayid" value="dragonheaven-gen8fusionevolutiongen9-8" />
<div class="battle"></div><div class="battle-log"></div><div class="replay-controls"></div><div class="replay-controls-2"></div>
<h1 style="font-weight:normal;text-align:center"><strong>[Gen 8] Fusion Evolution Gen 9</strong><br /><a href="http://pokemonshowdown.com/users/blazinghero657" class="subtle" target="_blank">BlazingHero657</a> vs. <a href="http://pokemonshowdown.com/users/zstrats" class="subtle" target="_blank">Z Strats</a></h1>
<script type="text/plain" class="battle-log-data">|j|☆BlazingHero657
|j|☆Z Strats
|t:|1684598725
|player|p1|BlazingHero657|winona|
|player|p2|Z Strats|265|
|teamsize|p1|6
|teamsize|p2|6
|gametype|singles
|gen|9
|tier|[Gen 8] Fusion Evolution Gen 9
|clearpoke
|poke|p1|Rotoghold|
|poke|p1|Brambleswine, M|
|poke|p1|Iron Legion, M|
|poke|p1|Garpyuku, M|
|poke|p1|Drampiclus, F|
|poke|p1|Iron Dirge, M|
|poke|p2|Meowscorio-Sensu, F|
|poke|p2|Deliraidon, F|
|poke|p2|Whimsy Sands, M|
|poke|p2|Floatzera, F|
|poke|p2|Guguzzparce, M|
|poke|p2|Lashiram, F|
|rule|HP Percentage Mod: HP is shown in percentages
|rule|Endless Battle Clause: Forcing endless battles is banned
|rule|OHKO Clause: OHKO moves are banned
|rule|Evasion Moves Clause: Evasion moves are banned
|rule|Species Clause: Limit one of each Pokémon
|rule|Dynamax Clause: You cannot dynamax
|rule|Sleep Clause Mod: Limit one foe put to sleep
|rule|Z-Move Clause: Z-Moves are banned
|teampreview
|c|☆Z Strats|hf
|c|☆BlazingHero657|Playing from mobile, so give me a second
|j| guzzlordinyourarea
|c|☆Z Strats|kk
|c|☆BlazingHero657|Alright, should be good
|inactive|Battle timer is ON: inactive players will automatically lose when time's up. (requested by Z Strats)
|
|t:|1684598799
|start
|switch|p1a: Iron Legion|Iron Legion, M|100\/100
|switch|p2a: Larry 2|Whimsy Sands, M|100\/100
|-enditem|p2a: Larry 2|Booster Energy
|-activate|p2a: Larry 2|ability: Once Upon a Time|[fromitem]
|-start|p2a: Larry 2|onceuponatimespe
|-start|p1a: Iron Legion|typechange|Water\/Ghost|[silent]
|raw|<ul class="utilichart"><li class="result"><span class="col pokemonnamecol" style="white-space: nowrap">Iron Legion<\/span> <span class="col typecol"><img src="https:\/\/play.pokemonshowdown.com\/sprites\/types\/Water.png" alt="Water" height="14" width="32"><img src="https:\/\/play.pokemonshowdown.com\/sprites\/types\/Ghost.png" alt="Ghost" height="14" width="32"><\/span> <span style="float: left ; min-height: 26px"><span class="col abilitycol">Circuit Breaker<\/span><span class="col abilitycol"><\/span><\/span><\/li><li style="clear: both"><\/li><\/ul>
|raw|<ul class="utilichart"><li class="result"><span style="float: left ; min-height: 26px"><span class="col statcol"><em>HP<\/em><br>88<\/span> <span class="col statcol"><em>Atk<\/em><br>92<\/span> <span class="col statcol"><em>Def<\/em><br>90<\/span> <span class="col statcol"><em>SpA<\/em><br>112<\/span> <span class="col statcol"><em>SpD<\/em><br>68<\/span> <span class="col statcol"><em>Spe<\/em><br>110<\/span> <\/span><\/li><li style="clear: both"><\/li><\/ul>
|-ability|p1a: Iron Legion|Circuit Breaker
|-start|p2a: Larry 2|typechange|Fairy\/Ground|[silent]
|raw|<ul class="utilichart"><li class="result"><span class="col pokemonnamecol" style="white-space: nowrap">Whimsy Sands<\/span> <span class="col typecol"><img src="https:\/\/play.pokemonshowdown.com\/sprites\/types\/Fairy.png" alt="Fairy" height="14" width="32"><img src="https:\/\/play.pokemonshowdown.com\/sprites\/types\/Ground.png" alt="Ground" height="14" width="32"><\/span> <span style="float: left ; min-height: 26px"><span class="col abilitycol">Once Upon a Time<\/span><span class="col abilitycol"><\/span><\/span><\/li><li style="clear: both"><\/li><\/ul>
|raw|<ul class="utilichart"><li class="result"><span style="float: left ; min-height: 26px"><span class="col statcol"><em>HP<\/em><br>75<\/span> <span class="col statcol"><em>Atk<\/em><br>75<\/span> <span class="col statcol"><em>Def<\/em><br>91<\/span> <span class="col statcol"><em>SpA<\/em><br>109<\/span> <span class="col statcol"><em>SpD<\/em><br>81<\/span> <span class="col statcol"><em>Spe<\/em><br>109<\/span> <\/span><\/li><li style="clear: both"><\/li><\/ul>
|turn|1
|j|+Sticky Fingaa

|j|+Xrn
|inactive|BlazingHero657 has 270 seconds left.
|
|t:|1684598841
|move|p2a: Larry 2|Memento|p1a: Iron Legion
|-unboost|p1a: Iron Legion|atk|2
|-unboost|p1a: Iron Legion|spa|2
|faint|p2a: Larry 2
|-end|p2a: Larry 2|Once Upon a Time|[silent]
|move|p1a: Iron Legion|Hydro Pump|p2: Larry 2|[notarget]
|-fail|p1a: Iron Legion
|
|upkeep
|
|t:|1684598845
|switch|p2a: Daddy|Guguzzparce, M|100\/100
|-start|p2a: Daddy|typechange|Dark\/Normal|[silent]
|raw|<ul class="utilichart"><li class="result"><span class="col pokemonnamecol" style="white-space: nowrap">Guguzzparce<\/span> <span class="col typecol"><img src="https:\/\/play.pokemonshowdown.com\/sprites\/types\/Dark.png" alt="Dark" height="14" width="32"><img src="https:\/\/play.pokemonshowdown.com\/sprites\/types\/Normal.png" alt="Normal" height="14" width="32"><\/span> <span style="float: left ; min-height: 26px"><span class="col abilitycol">All-Devouring<\/span><span class="col abilitycol"><\/span><\/span><\/li><li style="clear: both"><\/li><\/ul>
|raw|<ul class="utilichart"><li class="result"><span style="float: left ; min-height: 26px"><span class="col statcol"><em>HP<\/em><br>179<\/span> <span class="col statcol"><em>Atk<\/em><br>101<\/span> <span class="col statcol"><em>Def<\/em><br>67<\/span> <span class="col statcol"><em>SpA<\/em><br>97<\/span> <span class="col statcol"><em>SpD<\/em><br>67<\/span> <span class="col statcol"><em>Spe<\/em><br>53<\/span> <\/span><\/li><li style="clear: both"><\/li><\/ul>
|turn|2
|inactive|BlazingHero657 has 270 seconds left.
|
|t:|1684598861
|-end|p1a: Iron Legion|Circuit Breaker|[silent]
|switch|p1a: Garpyuku|Garpyuku, M|100\/100
|-start|p1a: Garpyuku|typechange|Water\/Ground|[silent]
|raw|<ul class="utilichart"><li class="result"><span class="col pokemonnamecol" style="white-space: nowrap">Garpyuku<\/span> <span class="col typecol"><img src="https:\/\/play.pokemonshowdown.com\/sprites\/types\/Water.png" alt="Water" height="14" width="32"><img src="https:\/\/play.pokemonshowdown.com\/sprites\/types\/Ground.png" alt="Ground" height="14" width="32"><\/span> <span style="float: left ; min-height: 26px"><span class="col abilitycol">Eczema<\/span><span class="col abilitycol"><\/span><\/span><\/li><li style="clear: both"><\/li><\/ul>
|raw|<ul class="utilichart"><li class="result"><span style="float: left ; min-height: 26px"><span class="col statcol"><em>HP<\/em><br>81<\/span> <span class="col statcol"><em>Atk<\/em><br>100<\/span> <span class="col statcol"><em>Def<\/em><br>114<\/span> <span class="col statcol"><em>SpA<\/em><br>55<\/span> <span class="col statcol"><em>SpD<\/em><br>107<\/span> <span class="col statcol"><em>Spe<\/em><br>53<\/span> <\/span><\/li><li style="clear: both"><\/li><\/ul>
|move|p2a: Daddy|Agility|p2a: Daddy
|-boost|p2a: Daddy|spe|2
|
|upkeep
|turn|3
|
|t:|1684598870
|detailschange|p1a: Garpyuku|Garpyuku-Mega, M
|-mega|p1a: Garpyuku|Garpyuku|Garchompite
|-start|p1a: Garpyuku|typechange|Water\/Ground|[silent]
|raw|<ul class="utilichart"><li class="result"><span class="col pokemonnamecol" style="white-space: nowrap">Garpyuku-Mega<\/span> <span class="col typecol"><img src="https:\/\/play.pokemonshowdown.com\/sprites\/types\/Water.png" alt="Water" height="14" width="32"><img src="https:\/\/play.pokemonshowdown.com\/sprites\/types\/Ground.png" alt="Ground" height="14" width="32"><\/span> <span style="float: left ; min-height: 26px"><span class="col abilitycol">Sand Force<\/span><span class="col abilitycol"><\/span><\/span><span style="float: left ; min-height: 26px"><span class="col statcol"><em>HP<\/em><br>81<\/span> <span class="col statcol"><em>Atk<\/em><br>140<\/span> <span class="col statcol"><em>Def<\/em><br>134<\/span> <span class="col statcol"><em>SpA<\/em><br>95<\/span> <span class="col statcol"><em>SpD<\/em><br>117<\/span> <span class="col statcol"><em>Spe<\/em><br>43<\/span> <\/span><\/li><li style="clear: both"><\/li><\/ul>
|move|p2a: Daddy|Iron Defense|p2a: Daddy
|-boost|p2a: Daddy|def|2
|move|p1a: Garpyuku|Earthquake|p2a: Daddy
|-damage|p2a: Daddy|84\/100
|
|upkeep
|turn|4
|inactive|BlazingHero657 has 270 seconds left.
|inactive|Z Strats has 270 seconds left.
|
|t:|1684598907
|switch|p1a: Rotoghold|Rotoghold|100\/100
|-start|p1a: Rotoghold|typechange|Ghost\/Steel|[silent]
|raw|<ul class="utilichart"><li class="result"><span class="col pokemonnamecol" style="white-space: nowrap">Rotoghold<\/span> <span class="col typecol"><img src="https:\/\/play.pokemonshowdown.com\/sprites\/types\/Ghost.png" alt="Ghost" height="14" width="32"><img src="https:\/\/play.pokemonshowdown.com\/sprites\/types\/Steel.png" alt="Steel" height="14" width="32"><\/span> <span style="float: left ; min-height: 26px"><span class="col abilitycol">Holy Grail<\/span><span class="col abilitycol"><\/span><\/span><\/li><li style="clear: both"><\/li><\/ul>
|raw|<ul class="utilichart"><li class="result"><span style="float: left ; min-height: 26px"><span class="col statcol"><em>HP<\/em><br>70<\/span> <span class="col statcol"><em>Atk<\/em><br>55<\/span> <span class="col statcol"><em>Def<\/em><br>87<\/span> <span class="col statcol"><em>SpA<\/em><br>115<\/span> <span class="col statcol"><em>SpD<\/em><br>85<\/span> <span class="col statcol"><em>Spe<\/em><br>93<\/span> <\/span><\/li><li style="clear: both"><\/li><\/ul>
|move|p2a: Daddy|Iron Defense|p2a: Daddy
|-boost|p2a: Daddy|def|2
|
|upkeep
|turn|5
|inactive|BlazingHero657 has 270 seconds left.
|
|t:|1684598914
|move|p1a: Rotoghold|Trick|p2a: Daddy
|-activate|p1a: Rotoghold|move: Trick|[of] p2a: Daddy
|-item|p2a: Daddy|Choice Scarf|[from] move: Trick
|-item|p1a: Rotoghold|Chople Berry|[from] move: Trick
|move|p2a: Daddy|Baton Pass|p2a: Daddy
|c|☆BlazingHero657|What.
|inactive|Z Strats has 270 seconds left.
|c|+Xrn|forbidden strategies 
|inactive|Z Strats has 240 seconds left.
|
|t:|1684598978
|switch|p2a: Kitten|Meowscorio-Sensu, F|100\/100|[from]move: Baton Pass
|-start|p2a: Kitten|typechange|Ghost\/Dark|[silent]
|raw|<ul class="utilichart"><li class="result"><span class="col pokemonnamecol" style="white-space: nowrap">Meowscorio-Sensu<\/span> <span class="col typecol"><img src="https:\/\/play.pokemonshowdown.com\/sprites\/types\/Ghost.png" alt="Ghost" height="14" width="32"><img src="https:\/\/play.pokemonshowdown.com\/sprites\/types\/Dark.png" alt="Dark" height="14" width="32"><\/span> <span style="float: left ; min-height: 26px"><span class="col abilitycol">Choreography<\/span><span class="col abilitycol"><\/span><\/span><\/li><li style="clear: both"><\/li><\/ul>
|raw|<ul class="utilichart"><li class="result"><span style="float: left ; min-height: 26px"><span class="col statcol"><em>HP<\/em><br>75<\/span> <span class="col statcol"><em>Atk<\/em><br>90<\/span> <span class="col statcol"><em>Def<\/em><br>70<\/span> <span class="col statcol"><em>SpA<\/em><br>109<\/span> <span class="col statcol"><em>SpD<\/em><br>70<\/span> <span class="col statcol"><em>Spe<\/em><br>108<\/span> <\/span><\/li><li style="clear: both"><\/li><\/ul>
|
|upkeep
|turn|6
|
|t:|1684598986
|move|p2a: Kitten|Quiver Dance|p2a: Kitten
|-start|p2a: Kitten|typechange|Bug|[from] ability: Choreography
|-boost|p2a: Kitten|spa|1
|-boost|p2a: Kitten|spd|1
|-boost|p2a: Kitten|spe|1
|move|p1a: Rotoghold|Make It Rain|p2a: Kitten
|-damage|p2a: Kitten|47\/100
|-unboost|p1a: Rotoghold|spa|1
|-enditem|p2a: Kitten|Sitrus Berry|[eat]
|-heal|p2a: Kitten|72\/100|[from] item: Sitrus Berry
|
|upkeep
|turn|7
|
|t:|1684598999
|switch|p1a: Iron Dirge|Iron Dirge, M|100\/100
|-start|p1a: Iron Dirge|typechange|Fire\/Ground|[silent]
|raw|<ul class="utilichart"><li class="result"><span class="col pokemonnamecol" style="white-space: nowrap">Iron Dirge<\/span> <span class="col typecol"><img src="https:\/\/play.pokemonshowdown.com\/sprites\/types\/Fire.png" alt="Fire" height="14" width="32"><img src="https:\/\/play.pokemonshowdown.com\/sprites\/types\/Ground.png" alt="Ground" height="14" width="32"><\/span> <span style="float: left ; min-height: 26px"><span class="col abilitycol">Dyschronometria<\/span><span class="col abilitycol"><\/span><\/span><\/li><li style="clear: both"><\/li><\/ul>
|raw|<ul class="utilichart"><li class="result"><span style="float: left ; min-height: 26px"><span class="col statcol"><em>HP<\/em><br>98<\/span> <span class="col statcol"><em>Atk<\/em><br>96<\/span> <span class="col statcol"><em>Def<\/em><br>110<\/span> <span class="col statcol"><em>SpA<\/em><br>96<\/span> <span class="col statcol"><em>SpD<\/em><br>74<\/span> <span class="col statcol"><em>Spe<\/em><br>86<\/span> <\/span><\/li><li style="clear: both"><\/li><\/ul>
|move|p2a: Kitten|Quiver Dance|p2a: Kitten
|-boost|p2a: Kitten|spa|1
|-boost|p2a: Kitten|spd|1
|-boost|p2a: Kitten|spe|1
|
|upkeep
|turn|8
|
|t:|1684599010
|move|p2a: Kitten|Baton Pass|p2a: Kitten
|
|t:|1684599012
|switch|p2a: Furry Feet|Floatzera, F|100\/100|[from]move: Baton Pass
|-start|p2a: Furry Feet|typechange|Electric\/Water|[silent]
|raw|<ul class="utilichart"><li class="result"><span class="col pokemonnamecol" style="white-space: nowrap">Floatzera<\/span> <span class="col typecol"><img src="https:\/\/play.pokemonshowdown.com\/sprites\/types\/Electric.png" alt="Electric" height="14" width="32"><img src="https:\/\/play.pokemonshowdown.com\/sprites\/types\/Water.png" alt="Water" height="14" width="32"><\/span> <span style="float: left ; min-height: 26px"><span class="col abilitycol">Electromagnetic Veil<\/span><span class="col abilitycol"><\/span><\/span><\/li><li style="clear: both"><\/li><\/ul>
|raw|<ul class="utilichart"><li class="result"><span style="float: left ; min-height: 26px"><span class="col statcol"><em>HP<\/em><br>90<\/span> <span class="col statcol"><em>Atk<\/em><br>115<\/span> <span class="col statcol"><em>Def<\/em><br>65<\/span> <span class="col statcol"><em>SpA<\/em><br>101<\/span> <span class="col statcol"><em>SpD<\/em><br>65<\/span> <span class="col statcol"><em>Spe<\/em><br>130<\/span> <\/span><\/li><li style="clear: both"><\/li><\/ul>
|move|p1a: Iron Dirge|Earth Power|p2a: Furry Feet
|-supereffective|p2a: Furry Feet
|-enditem|p2a: Furry Feet|Shuca Berry|[eat]
|-enditem|p2a: Furry Feet|Shuca Berry|[weaken]
|-damage|p2a: Furry Feet|52\/100
|
|upkeep
|turn|9
|inactive|Z Strats has 240 seconds left.
|inactive|BlazingHero657 has 270 seconds left.
|inactive|Z Strats has 210 seconds left.
|c|+Sticky Fingaa|is baton pass actually balanced in this meta
|c|☆Z Strats|1 second someone at my door
|inactive|BlazingHero657 has 240 seconds left.
|inactiveoff|Battle timer is now OFF.
|c|☆BlazingHero657|I'm pretty sure nobody actually realized it was still legal
|c|☆BlazingHero657|I sure as hell didn't
|inactive|Battle timer is ON: inactive players will automatically lose when time's up. (requested by Z Strats)
|
|t:|1684599144
|switch|p1a: Rotoghold|Rotoghold|100\/100
|-start|p1a: Rotoghold|typechange|Ghost\/Steel|[silent]
|move|p2a: Furry Feet|Substitute|p2a: Furry Feet
|-start|p2a: Furry Feet|Substitute
|-damage|p2a: Furry Feet|27\/100
|
|upkeep
|turn|10
|
|t:|1684599150
|move|p2a: Furry Feet|Calm Mind|p2a: Furry Feet
|-boost|p2a: Furry Feet|spa|1
|-boost|p2a: Furry Feet|spd|1
|move|p1a: Rotoghold|Shadow Ball|p2a: Furry Feet
|-activate|p2a: Furry Feet|move: Substitute|[damage]
|
|upkeep
|turn|11
|
|t:|1684599162
|move|p2a: Furry Feet|Calm Mind|p2a: Furry Feet
|-boost|p2a: Furry Feet|spa|1
|-boost|p2a: Furry Feet|spd|1
|move|p1a: Rotoghold|Shadow Ball|p2a: Furry Feet
|-end|p2a: Furry Feet|Substitute
|
|upkeep
|turn|12
|
|t:|1684599168
|switch|p1a: Brambleswine|Brambleswine, M|100\/100
|-start|p1a: Brambleswine|typechange|Ice\/Grass|[silent]
|raw|<ul class="utilichart"><li class="result"><span class="col pokemonnamecol" style="white-space: nowrap">Brambleswine<\/span> <span class="col typecol"><img src="https:\/\/play.pokemonshowdown.com\/sprites\/types\/Ice.png" alt="Ice" height="14" width="32"><img src="https:\/\/play.pokemonshowdown.com\/sprites\/types\/Grass.png" alt="Grass" height="14" width="32"><\/span> <span style="float: left ; min-height: 26px"><span class="col abilitycol">Squall<\/span><span class="col abilitycol"><\/span><\/span><\/li><li style="clear: both"><\/li><\/ul>
|raw|<ul class="utilichart"><li class="result"><span style="float: left ; min-height: 26px"><span class="col statcol"><em>HP<\/em><br>82<\/span> <span class="col statcol"><em>Atk<\/em><br>123<\/span> <span class="col statcol"><em>Def<\/em><br>75<\/span> <span class="col statcol"><em>SpA<\/em><br>75<\/span> <span class="col statcol"><em>SpD<\/em><br>65<\/span> <span class="col statcol"><em>Spe<\/em><br>104<\/span> <\/span><\/li><li style="clear: both"><\/li><\/ul>
|move|p2a: Furry Feet|Baton Pass|p2a: Furry Feet
|
|t:|1684599172
|switch|p2a: Ram me|Lashiram, F|100\/100|[from]move: Baton Pass
|-start|p2a: Ram me|typechange|Steel\/Fire|[silent]
|raw|<ul class="utilichart"><li class="result"><span class="col pokemonnamecol" style="white-space: nowrap">Lashiram<\/span> <span class="col typecol"><img src="https:\/\/play.pokemonshowdown.com\/sprites\/types\/Steel.png" alt="Steel" height="14" width="32"><img src="https:\/\/play.pokemonshowdown.com\/sprites\/types\/Fire.png" alt="Fire" height="14" width="32"><\/span> <span style="float: left ; min-height: 26px"><span class="col abilitycol">Molten Core<\/span><span class="col abilitycol"><\/span><\/span><\/li><li style="clear: both"><\/li><\/ul>
|raw|<ul class="utilichart"><li class="result"><span style="float: left ; min-height: 26px"><span class="col statcol"><em>HP<\/em><br>95<\/span> <span class="col statcol"><em>Atk<\/em><br>110<\/span> <span class="col statcol"><em>Def<\/em><br>120<\/span> <span class="col statcol"><em>SpA<\/em><br>100<\/span> <span class="col statcol"><em>SpD<\/em><br>85<\/span> <span class="col statcol"><em>Spe<\/em><br>60<\/span> <\/span><\/li><li style="clear: both"><\/li><\/ul>
|-ability|p2a: Ram me|Molten Core
|
|upkeep
|turn|13
|
|t:|1684599180
|move|p2a: Ram me|Flamethrower|p1a: Brambleswine
|-supereffective|p1a: Brambleswine
|-damage|p1a: Brambleswine|0 fnt
|faint|p1a: Brambleswine
|
|upkeep
|
|t:|1684599182
|switch|p1a: Garpyuku|Garpyuku-Mega, M|100\/100
|-start|p1a: Garpyuku|typechange|Water\/Ground|[silent]
|-start|p1a: Garpyuku|typechange|Water\/Ground|[silent]
|turn|14
|
|t:|1684599185
|move|p2a: Ram me|Solar Beam||[still]
|-prepare|p2a: Ram me|Solar Beam
|-enditem|p2a: Ram me|Power Herb
|-anim|p2a: Ram me|Solar Beam|p1a: Garpyuku
|-supereffective|p1a: Garpyuku
|-crit|p1a: Garpyuku
|-damage|p1a: Garpyuku|0 fnt
|faint|p1a: Garpyuku
|
|upkeep
|
|t:|1684599198
|switch|p1a: Iron Dirge|Iron Dirge, M|100\/100
|-start|p1a: Iron Dirge|typechange|Fire\/Ground|[silent]
|turn|15
|c|+Xrn|👩‍🍳
|
|t:|1684599201
|move|p2a: Ram me|Water Pulse|p1a: Iron Dirge
|-supereffective|p1a: Iron Dirge
|-damage|p1a: Iron Dirge|0 fnt
|faint|p1a: Iron Dirge
|
|upkeep
|
|t:|1684599207
|switch|p1a: Iron Legion|Iron Legion, M|100\/100
|-start|p1a: Iron Legion|typechange|Water\/Ghost|[silent]
|-ability|p1a: Iron Legion|Circuit Breaker
|turn|16
|c|+Sticky Fingaa|so
|
|t:|1684599211
|move|p2a: Ram me|Dragon Pulse|p1a: Iron Legion
|-damage|p1a: Iron Legion|0 fnt
|faint|p1a: Iron Legion
|-end|p1a: Iron Legion|Circuit Breaker|[silent]
|
|upkeep
|
|t:|1684599213
|switch|p1a: Drampiclus|Drampiclus, F|100\/100
|-start|p1a: Drampiclus|typechange|Dragon\/Psychic|[silent]
|raw|<ul class="utilichart"><li class="result"><span class="col pokemonnamecol" style="white-space: nowrap">Drampiclus<\/span> <span class="col typecol"><img src="https:\/\/play.pokemonshowdown.com\/sprites\/types\/Dragon.png" alt="Dragon" height="14" width="32"><img src="https:\/\/play.pokemonshowdown.com\/sprites\/types\/Psychic.png" alt="Psychic" height="14" width="32"><\/span> <span style="float: left ; min-height: 26px"><span class="col abilitycol">Regain Patience<\/span><span class="col abilitycol"><\/span><\/span><\/li><li style="clear: both"><\/li><\/ul>
|raw|<ul class="utilichart"><li class="result"><span style="float: left ; min-height: 26px"><span class="col statcol"><em>HP<\/em><br>105<\/span> <span class="col statcol"><em>Atk<\/em><br>62<\/span> <span class="col statcol"><em>Def<\/em><br>80<\/span> <span class="col statcol"><em>SpA<\/em><br>130<\/span> <span class="col statcol"><em>SpD<\/em><br>90<\/span> <span class="col statcol"><em>Spe<\/em><br>33<\/span> <\/span><\/li><li style="clear: both"><\/li><\/ul>
|turn|17
|c|☆Z Strats|so we banning this?
|
|t:|1684599219
|move|p2a: Ram me|Dragon Pulse|p1a: Drampiclus
|-supereffective|p1a: Drampiclus
|-damage|p1a: Drampiclus|29\/100
|-ability|p1a: Drampiclus|Regain Patience|boost
|-boost|p1a: Drampiclus|spa|1
|move|p1a: Drampiclus|Focus Blast|p2a: Ram me|[miss]
|-miss|p1a: Drampiclus|p2a: Ram me
|
|upkeep
|turn|18
|c|+Sticky Fingaa|i would say probably but i don't play fe sv
|c|+Sticky Fingaa|so lol
|c|☆BlazingHero657|Thank you rng, not like it mattered
|
|t:|1684599240
|move|p2a: Ram me|Dragon Pulse|p1a: Drampiclus
|-supereffective|p1a: Drampiclus
|-damage|p1a: Drampiclus|0 fnt
|faint|p1a: Drampiclus
|
|upkeep
|
|t:|1684599241
|switch|p1a: Rotoghold|Rotoghold|100\/100
|-start|p1a: Rotoghold|typechange|Ghost\/Steel|[silent]
|turn|19
|
|t:|1684599244
|move|p2a: Ram me|Flamethrower|p1a: Rotoghold
|-supereffective|p1a: Rotoghold
|-damage|p1a: Rotoghold|0 fnt
|faint|p1a: Rotoghold
|
|win|Z Strats
|c|☆Z Strats|gg</script>
</div>
<div class="battle-log battle-log-inline"><div class="inner"><div class="battle-options"><div style="padding-top: 3px; padding-right: 3px; text-align: right"><button class="icon button" name="openBattleOptions" title="Options">Battle Options</button></div></div><div class="inner message-log"><div class="chat"><small>☆BlazingHero657 and ☆Z Strats joined</small></div><div class=""><small>Format:</small> <br><strong>[Gen 8] Fusion Evolution Gen 9</strong></div><div class=""><small><em>HP Percentage Mod:</em> HP is shown in percentages</small></div><div class=""><small><em>Endless Battle Clause:</em> Forcing endless battles is banned</small></div><div class=""><small><em>OHKO Clause:</em> OHKO moves are banned</small></div><div class=""><small><em>Evasion Moves Clause:</em> Evasion moves are banned</small></div><div class=""><small><em>Species Clause:</em> Limit one of each Pokémon</small></div><div class=""><small><em>Dynamax Clause:</em> You cannot dynamax</small></div><div class=""><small><em>Sleep Clause Mod:</em> Limit one foe put to sleep</small></div><div class=""><small><em>Z-Move Clause:</em> Z-Moves are banned</small></div><div class="chat battle-history"><strong>BlazingHero657's team:</strong> <em style="color:#445566;display:block;">Rotoghold / Brambleswine / Iron Legion / Garpyuku / Drampiclus / Iron Dirge</em></div><div class="chat battle-history"><strong>Z Strats's team:</strong> <em style="color:#445566;display:block;">Meowscorio-Sensu / Deliraidon / Whimsy Sands / Floatzera / Guguzzparce / Lashiram</em></div><div class="chat chatmessage-zstrats"><strong style="color:#6277bc"><small>☆</small><span class="username" data-name="Z Strats">Z Strats</span>:</strong> <em>hf</em></div><div class="chat chatmessage-blazinghero657"><strong style="color:#2e9e35"><small>☆</small><span class="username" data-name="BlazingHero657">BlazingHero657</span>:</strong> <em>Playing from mobile, so give me a second</em></div><div class="chat"><small> guzzlordinyourarea joined</small></div><div class="chat chatmessage-zstrats"><strong style="color:#6277bc"><small>☆</small><span class="username" data-name="Z Strats">Z Strats</span>:</strong> <em>kk</em></div><div class="chat chatmessage-blazinghero657"><strong style="color:#2e9e35"><small>☆</small><span class="username" data-name="BlazingHero657">BlazingHero657</span>:</strong> <em>Alright, should be good</em></div><div class="chat message-error">Battle timer is ON: inactive players will automatically lose when time's up. (requested by Z Strats)</div><div class="spacer battle-history"><br></div><div class="battle-history">Battle started between BlazingHero657 and Z Strats!<br></div><div class="spacer battle-history"><br></div><div class="battle-history">Go! <strong>Iron Legion</strong>!<br></div><div class="spacer battle-history"><br></div><div class="battle-history">Z Strats sent out Larry 2 (<strong>Whimsy Sands</strong>)!<br></div><div class="battle-history"><small>(The opposing Larry 2 used its Booster Energy!)</small><br></div><div class="battle-history">[The opposing Larry 2's Once Upon a Time]<br></div><div class="battle-history"><small>(onceuponatimespe started on the opposing Larry 2!)</small><br></div><div class="chat"><ul class="utilichart"><li class="result"><span class="col pokemonnamecol" style="white-space: nowrap">Iron Legion</span> <span class="col typecol"><img src="https://play.pokemonshowdown.com/sprites/types/Water.png" alt="Water" height="14" width="32"><img src="https://play.pokemonshowdown.com/sprites/types/Ghost.png" alt="Ghost" height="14" width="32"></span> <span style="float: left ; min-height: 26px"><span class="col abilitycol">Circuit Breaker</span><span class="col abilitycol"></span></span></li><li style="clear: both"></li></ul></div><div class="chat"><ul class="utilichart"><li class="result"><span style="float: left ; min-height: 26px"><span class="col statcol"><em>HP</em><br>88</span> <span class="col statcol"><em>Atk</em><br>92</span> <span class="col statcol"><em>Def</em><br>90</span> <span class="col statcol"><em>SpA</em><br>112</span> <span class="col statcol"><em>SpD</em><br>68</span> <span class="col statcol"><em>Spe</em><br>110</span> </span></li><li style="clear: both"></li></ul></div><div class="battle-history">[Iron Legion's Circuit Breaker]<br></div><div class="chat"><ul class="utilichart"><li class="result"><span class="col pokemonnamecol" style="white-space: nowrap">Whimsy Sands</span> <span class="col typecol"><img src="https://play.pokemonshowdown.com/sprites/types/Fairy.png" alt="Fairy" height="14" width="32"><img src="https://play.pokemonshowdown.com/sprites/types/Ground.png" alt="Ground" height="14" width="32"></span> <span style="float: left ; min-height: 26px"><span class="col abilitycol">Once Upon a Time</span><span class="col abilitycol"></span></span></li><li style="clear: both"></li></ul></div><div class="chat"><ul class="utilichart"><li class="result"><span style="float: left ; min-height: 26px"><span class="col statcol"><em>HP</em><br>75</span> <span class="col statcol"><em>Atk</em><br>75</span> <span class="col statcol"><em>Def</em><br>91</span> <span class="col statcol"><em>SpA</em><br>109</span> <span class="col statcol"><em>SpD</em><br>81</span> <span class="col statcol"><em>Spe</em><br>109</span> </span></li><li style="clear: both"></li></ul></div><div class="spacer battle-history"><br></div><h2 class="battle-history">Turn 1</h2><div class="chat"><small>+Sticky Fingaa and +Xrn joined</small></div><div class="chat message-error">BlazingHero657 has 270 seconds left.</div><div class="spacer battle-history"><br></div><div class="battle-history">The opposing Larry 2 used <strong>Memento</strong>!<br></div><div class="battle-history"><small>Iron Legion's Attack fell harshly!</small><br></div><div class="battle-history"><small>Iron Legion's Sp. Atk fell harshly!</small><br></div><div class="spacer battle-history"><br></div><div class="battle-history">The opposing Larry 2 fainted!<br></div><div class="spacer battle-history"><br></div><div class="battle-history">Iron Legion used <strong>Hydro Pump</strong>!<br></div><div class="battle-history"><small>But it failed!</small><br></div><div class="spacer battle-history"><br></div><div class="battle-history">Z Strats sent out Daddy (<strong>Guguzzparce</strong>)!<br></div><div class="chat"><ul class="utilichart"><li class="result"><span class="col pokemonnamecol" style="white-space: nowrap">Guguzzparce</span> <span class="col typecol"><img src="https://play.pokemonshowdown.com/sprites/types/Dark.png" alt="Dark" height="14" width="32"><img src="https://play.pokemonshowdown.com/sprites/types/Normal.png" alt="Normal" height="14" width="32"></span> <span style="float: left ; min-height: 26px"><span class="col abilitycol">All-Devouring</span><span class="col abilitycol"></span></span></li><li style="clear: both"></li></ul></div><div class="chat"><ul class="utilichart"><li class="result"><span style="float: left ; min-height: 26px"><span class="col statcol"><em>HP</em><br>179</span> <span class="col statcol"><em>Atk</em><br>101</span> <span class="col statcol"><em>Def</em><br>67</span> <span class="col statcol"><em>SpA</em><br>97</span> <span class="col statcol"><em>SpD</em><br>67</span> <span class="col statcol"><em>Spe</em><br>53</span> </span></li><li style="clear: both"></li></ul></div><div class="spacer battle-history"><br></div><h2 class="battle-history">Turn 2</h2><div class="chat message-error">BlazingHero657 has 270 seconds left.</div><div class="spacer battle-history"><br></div><div class="battle-history">Iron Legion, come back!<br></div><div class="battle-history">Go! <strong>Garpyuku</strong>!<br></div><div class="chat"><ul class="utilichart"><li class="result"><span class="col pokemonnamecol" style="white-space: nowrap">Garpyuku</span> <span class="col typecol"><img src="https://play.pokemonshowdown.com/sprites/types/Water.png" alt="Water" height="14" width="32"><img src="https://play.pokemonshowdown.com/sprites/types/Ground.png" alt="Ground" height="14" width="32"></span> <span style="float: left ; min-height: 26px"><span class="col abilitycol">Eczema</span><span class="col abilitycol"></span></span></li><li style="clear: both"></li></ul></div><div class="chat"><ul class="utilichart"><li class="result"><span style="float: left ; min-height: 26px"><span class="col statcol"><em>HP</em><br>81</span> <span class="col statcol"><em>Atk</em><br>100</span> <span class="col statcol"><em>Def</em><br>114</span> <span class="col statcol"><em>SpA</em><br>55</span> <span class="col statcol"><em>SpD</em><br>107</span> <span class="col statcol"><em>Spe</em><br>53</span> </span></li><li style="clear: both"></li></ul></div><div class="spacer battle-history"><br></div><div class="battle-history">The opposing Daddy used <strong>Agility</strong>!<br></div><div class="battle-history"><small>The opposing Daddy's Speed rose sharply!</small><br></div><div class="spacer battle-history"><br></div><h2 class="battle-history">Turn 3</h2><div class="spacer battle-history"><br></div><div class="battle-history"><small>Garpyuku's Garchompite is reacting to the Key Stone!</small><br>Garpyuku has Mega Evolved into Mega Garpyuku!<br></div><div class="chat"><ul class="utilichart"><li class="result"><span class="col pokemonnamecol" style="white-space: nowrap">Garpyuku-Mega</span> <span class="col typecol"><img src="https://play.pokemonshowdown.com/sprites/types/Water.png" alt="Water" height="14" width="32"><img src="https://play.pokemonshowdown.com/sprites/types/Ground.png" alt="Ground" height="14" width="32"></span> <span style="float: left ; min-height: 26px"><span class="col abilitycol">Sand Force</span><span class="col abilitycol"></span></span><span style="float: left ; min-height: 26px"><span class="col statcol"><em>HP</em><br>81</span> <span class="col statcol"><em>Atk</em><br>140</span> <span class="col statcol"><em>Def</em><br>134</span> <span class="col statcol"><em>SpA</em><br>95</span> <span class="col statcol"><em>SpD</em><br>117</span> <span class="col statcol"><em>Spe</em><br>43</span> </span></li><li style="clear: both"></li></ul></div><div class="spacer battle-history"><br></div><div class="battle-history">The opposing Daddy used <strong>Iron Defense</strong>!<br></div><div class="battle-history"><small>The opposing Daddy's Defense rose sharply!</small><br></div><div class="spacer battle-history"><br></div><div class="battle-history">Garpyuku used <strong>Earthquake</strong>!<br></div><div class="battle-history"><small>(The opposing Daddy lost 16% of its health!)</small><br></div><div class="spacer battle-history"><br></div><h2 class="battle-history">Turn 4</h2><div class="chat message-error">BlazingHero657 has 270 seconds left.</div><div class="chat message-error">Z Strats has 270 seconds left.</div><div class="spacer battle-history"><br></div><div class="battle-history">Garpyuku, come back!<br></div><div class="battle-history">Go! <strong>Rotoghold</strong>!<br></div><div class="chat"><ul class="utilichart"><li class="result"><span class="col pokemonnamecol" style="white-space: nowrap">Rotoghold</span> <span class="col typecol"><img src="https://play.pokemonshowdown.com/sprites/types/Ghost.png" alt="Ghost" height="14" width="32"><img src="https://play.pokemonshowdown.com/sprites/types/Steel.png" alt="Steel" height="14" width="32"></span> <span style="float: left ; min-height: 26px"><span class="col abilitycol">Holy Grail</span><span class="col abilitycol"></span></span></li><li style="clear: both"></li></ul></div><div class="chat"><ul class="utilichart"><li class="result"><span style="float: left ; min-height: 26px"><span class="col statcol"><em>HP</em><br>70</span> <span class="col statcol"><em>Atk</em><br>55</span> <span class="col statcol"><em>Def</em><br>87</span> <span class="col statcol"><em>SpA</em><br>115</span> <span class="col statcol"><em>SpD</em><br>85</span> <span class="col statcol"><em>Spe</em><br>93</span> </span></li><li style="clear: both"></li></ul></div><div class="spacer battle-history"><br></div><div class="battle-history">The opposing Daddy used <strong>Iron Defense</strong>!<br></div><div class="battle-history"><small>The opposing Daddy's Defense rose sharply!</small><br></div><div class="spacer battle-history"><br></div><h2 class="battle-history">Turn 5</h2><div class="chat message-error">BlazingHero657 has 270 seconds left.</div><div class="spacer battle-history"><br></div><div class="battle-history">Rotoghold used <strong>Trick</strong>!<br></div><div class="battle-history"><small>Rotoghold switched items with its target!</small><br></div><div class="battle-history"><small>The opposing Daddy obtained one Choice Scarf.</small><br></div><div class="battle-history"><small>Rotoghold obtained one Chople Berry.</small><br></div><div class="spacer battle-history"><br></div><div class="battle-history">The opposing Daddy used <strong>Baton Pass</strong>!<br></div><div class="chat chatmessage-blazinghero657"><strong style="color:#2e9e35"><small>☆</small><span class="username" data-name="BlazingHero657">BlazingHero657</span>:</strong> <em>What.</em></div><div class="chat message-error">Z Strats has 270 seconds left.</div><div class="chat chatmessage-xrn mine"><strong style="color:#0f9c32"><small>+</small><span class="username" data-name="Xrn">Xrn</span>:</strong> <em>forbidden strategies </em></div><div class="chat message-error">Z Strats has 240 seconds left.</div><div class="spacer battle-history"><br></div><div class="battle-history">Z Strats sent out Kitten (<strong>Meowscorio-Sensu</strong>)!<br></div><div class="chat"><ul class="utilichart"><li class="result"><span class="col pokemonnamecol" style="white-space: nowrap">Meowscorio-Sensu</span> <span class="col typecol"><img src="https://play.pokemonshowdown.com/sprites/types/Ghost.png" alt="Ghost" height="14" width="32"><img src="https://play.pokemonshowdown.com/sprites/types/Dark.png" alt="Dark" height="14" width="32"></span> <span style="float: left ; min-height: 26px"><span class="col abilitycol">Choreography</span><span class="col abilitycol"></span></span></li><li style="clear: both"></li></ul></div><div class="chat"><ul class="utilichart"><li class="result"><span style="float: left ; min-height: 26px"><span class="col statcol"><em>HP</em><br>75</span> <span class="col statcol"><em>Atk</em><br>90</span> <span class="col statcol"><em>Def</em><br>70</span> <span class="col statcol"><em>SpA</em><br>109</span> <span class="col statcol"><em>SpD</em><br>70</span> <span class="col statcol"><em>Spe</em><br>108</span> </span></li><li style="clear: both"></li></ul></div><div class="spacer battle-history"><br></div><h2 class="battle-history">Turn 6</h2><div class="spacer battle-history"><br></div><div class="battle-history">The opposing Kitten used <strong>Quiver Dance</strong>!<br></div><div class="battle-history">[The opposing Kitten's Choreography]<br><small>The opposing Kitten's type changed to Bug!</small><br></div><div class="battle-history"><small>The opposing Kitten's Sp. Atk rose!</small><br></div><div class="battle-history"><small>The opposing Kitten's Sp. Def rose!</small><br></div><div class="battle-history"><small>The opposing Kitten's Speed rose!</small><br></div><div class="spacer battle-history"><br></div><div class="battle-history">Rotoghold used <strong>Make It Rain</strong>!<br></div><div class="battle-history"><small>(The opposing Kitten lost 53% of its health!)</small><br></div><div class="battle-history"><small>Rotoghold's Sp. Atk fell!</small><br></div><div class="battle-history"><small>(The opposing Kitten ate its Sitrus Berry!)</small><br></div><div class="battle-history"><small>The opposing Kitten restored HP using its Sitrus Berry!</small><br></div><div class="spacer battle-history"><br></div><h2 class="battle-history">Turn 7</h2><div class="spacer battle-history"><br></div><div class="battle-history">Rotoghold, come back!<br></div><div class="battle-history">Go! <strong>Iron Dirge</strong>!<br></div><div class="chat"><ul class="utilichart"><li class="result"><span class="col pokemonnamecol" style="white-space: nowrap">Iron Dirge</span> <span class="col typecol"><img src="https://play.pokemonshowdown.com/sprites/types/Fire.png" alt="Fire" height="14" width="32"><img src="https://play.pokemonshowdown.com/sprites/types/Ground.png" alt="Ground" height="14" width="32"></span> <span style="float: left ; min-height: 26px"><span class="col abilitycol">Dyschronometria</span><span class="col abilitycol"></span></span></li><li style="clear: both"></li></ul></div><div class="chat"><ul class="utilichart"><li class="result"><span style="float: left ; min-height: 26px"><span class="col statcol"><em>HP</em><br>98</span> <span class="col statcol"><em>Atk</em><br>96</span> <span class="col statcol"><em>Def</em><br>110</span> <span class="col statcol"><em>SpA</em><br>96</span> <span class="col statcol"><em>SpD</em><br>74</span> <span class="col statcol"><em>Spe</em><br>86</span> </span></li><li style="clear: both"></li></ul></div><div class="spacer battle-history"><br></div><div class="battle-history">The opposing Kitten used <strong>Quiver Dance</strong>!<br></div><div class="battle-history"><small>The opposing Kitten's Sp. Atk rose!</small><br></div><div class="battle-history"><small>The opposing Kitten's Sp. Def rose!</small><br></div><div class="battle-history"><small>The opposing Kitten's Speed rose!</small><br></div><div class="spacer battle-history"><br></div><h2 class="battle-history">Turn 8</h2><div class="spacer battle-history"><br></div><div class="battle-history">The opposing Kitten used <strong>Baton Pass</strong>!<br></div><div class="spacer battle-history"><br></div><div class="battle-history">Z Strats sent out Furry Feet (<strong>Floatzera</strong>)!<br></div><div class="chat"><ul class="utilichart"><li class="result"><span class="col pokemonnamecol" style="white-space: nowrap">Floatzera</span> <span class="col typecol"><img src="https://play.pokemonshowdown.com/sprites/types/Electric.png" alt="Electric" height="14" width="32"><img src="https://play.pokemonshowdown.com/sprites/types/Water.png" alt="Water" height="14" width="32"></span> <span style="float: left ; min-height: 26px"><span class="col abilitycol">Electromagnetic Veil</span><span class="col abilitycol"></span></span></li><li style="clear: both"></li></ul></div><div class="chat"><ul class="utilichart"><li class="result"><span style="float: left ; min-height: 26px"><span class="col statcol"><em>HP</em><br>90</span> <span class="col statcol"><em>Atk</em><br>115</span> <span class="col statcol"><em>Def</em><br>65</span> <span class="col statcol"><em>SpA</em><br>101</span> <span class="col statcol"><em>SpD</em><br>65</span> <span class="col statcol"><em>Spe</em><br>130</span> </span></li><li style="clear: both"></li></ul></div><div class="spacer battle-history"><br></div><div class="battle-history">Iron Dirge used <strong>Earth Power</strong>!<br></div><div class="battle-history"><small>It's super effective!</small><br></div><div class="battle-history"><small>(The opposing Furry Feet ate its Shuca Berry!)</small><br></div><div class="battle-history"><small>The Shuca Berry weakened the damage to the opposing Furry Feet!</small><br></div><div class="battle-history"><small>(The opposing Furry Feet lost 48% of its health!)</small><br></div><div class="spacer battle-history"><br></div><h2 class="battle-history">Turn 9</h2><div class="chat message-error">Z Strats has 240 seconds left.</div><div class="chat message-error">BlazingHero657 has 270 seconds left.</div><div class="chat message-error">Z Strats has 210 seconds left.</div><div class="chat chatmessage-stickyfingaa"><strong style="color:#e76311"><small>+</small><span class="username" data-name="Sticky Fingaa">Sticky Fingaa</span>:</strong> <em>is baton pass actually balanced in this meta</em></div><div class="chat chatmessage-zstrats"><strong style="color:#6277bc"><small>☆</small><span class="username" data-name="Z Strats">Z Strats</span>:</strong> <em>1 second someone at my door</em></div><div class="chat message-error">BlazingHero657 has 240 seconds left.</div><div class="chat message-error">Battle timer is now OFF.</div><div class="chat chatmessage-blazinghero657"><strong style="color:#2e9e35"><small>☆</small><span class="username" data-name="BlazingHero657">BlazingHero657</span>:</strong> <em>I'm pretty sure nobody actually realized it was still legal</em></div><div class="chat chatmessage-blazinghero657"><strong style="color:#2e9e35"><small>☆</small><span class="username" data-name="BlazingHero657">BlazingHero657</span>:</strong> <em>I sure as hell didn't</em></div><div class="chat message-error">Battle timer is ON: inactive players will automatically lose when time's up. (requested by Z Strats)</div><div class="spacer battle-history"><br></div><div class="battle-history">Iron Dirge, come back!<br></div><div class="battle-history">Go! <strong>Rotoghold</strong>!<br></div><div class="spacer battle-history"><br></div><div class="battle-history">The opposing Furry Feet used <strong>Substitute</strong>!<br></div><div class="battle-history"><small>The opposing Furry Feet put in a substitute!</small><br></div><div class="battle-history"><small>(The opposing Furry Feet lost 25% of its health!)</small><br></div><div class="spacer battle-history"><br></div><h2 class="battle-history">Turn 10</h2><div class="spacer battle-history"><br></div><div class="battle-history">The opposing Furry Feet used <strong>Calm Mind</strong>!<br></div><div class="battle-history"><small>The opposing Furry Feet's Sp. Atk rose!</small><br></div><div class="battle-history"><small>The opposing Furry Feet's Sp. Def rose!</small><br></div><div class="spacer battle-history"><br></div><div class="battle-history">Rotoghold used <strong>Shadow Ball</strong>!<br></div><div class="battle-history"><small>The substitute took damage for the opposing Furry Feet!</small><br></div><div class="spacer battle-history"><br></div><h2 class="battle-history">Turn 11</h2><div class="spacer battle-history"><br></div><div class="battle-history">The opposing Furry Feet used <strong>Calm Mind</strong>!<br></div><div class="battle-history"><small>The opposing Furry Feet's Sp. Atk rose!</small><br></div><div class="battle-history"><small>The opposing Furry Feet's Sp. Def rose!</small><br></div><div class="spacer battle-history"><br></div><div class="battle-history">Rotoghold used <strong>Shadow Ball</strong>!<br></div><div class="battle-history"><small>The opposing Furry Feet's substitute faded!</small><br></div><div class="spacer battle-history"><br></div><h2 class="battle-history">Turn 12</h2><div class="spacer battle-history"><br></div><div class="battle-history">Rotoghold, come back!<br></div><div class="battle-history">Go! <strong>Brambleswine</strong>!<br></div><div class="chat"><ul class="utilichart"><li class="result"><span class="col pokemonnamecol" style="white-space: nowrap">Brambleswine</span> <span class="col typecol"><img src="https://play.pokemonshowdown.com/sprites/types/Ice.png" alt="Ice" height="14" width="32"><img src="https://play.pokemonshowdown.com/sprites/types/Grass.png" alt="Grass" height="14" width="32"></span> <span style="float: left ; min-height: 26px"><span class="col abilitycol">Squall</span><span class="col abilitycol"></span></span></li><li style="clear: both"></li></ul></div><div class="chat"><ul class="utilichart"><li class="result"><span style="float: left ; min-height: 26px"><span class="col statcol"><em>HP</em><br>82</span> <span class="col statcol"><em>Atk</em><br>123</span> <span class="col statcol"><em>Def</em><br>75</span> <span class="col statcol"><em>SpA</em><br>75</span> <span class="col statcol"><em>SpD</em><br>65</span> <span class="col statcol"><em>Spe</em><br>104</span> </span></li><li style="clear: both"></li></ul></div><div class="spacer battle-history"><br></div><div class="battle-history">The opposing Furry Feet used <strong>Baton Pass</strong>!<br></div><div class="spacer battle-history"><br></div><div class="battle-history">Z Strats sent out Ram me (<strong>Lashiram</strong>)!<br></div><div class="chat"><ul class="utilichart"><li class="result"><span class="col pokemonnamecol" style="white-space: nowrap">Lashiram</span> <span class="col typecol"><img src="https://play.pokemonshowdown.com/sprites/types/Steel.png" alt="Steel" height="14" width="32"><img src="https://play.pokemonshowdown.com/sprites/types/Fire.png" alt="Fire" height="14" width="32"></span> <span style="float: left ; min-height: 26px"><span class="col abilitycol">Molten Core</span><span class="col abilitycol"></span></span></li><li style="clear: both"></li></ul></div><div class="chat"><ul class="utilichart"><li class="result"><span style="float: left ; min-height: 26px"><span class="col statcol"><em>HP</em><br>95</span> <span class="col statcol"><em>Atk</em><br>110</span> <span class="col statcol"><em>Def</em><br>120</span> <span class="col statcol"><em>SpA</em><br>100</span> <span class="col statcol"><em>SpD</em><br>85</span> <span class="col statcol"><em>Spe</em><br>60</span> </span></li><li style="clear: both"></li></ul></div><div class="battle-history">[The opposing Ram me's Molten Core]<br></div><div class="spacer battle-history"><br></div><h2 class="battle-history">Turn 13</h2><div class="spacer battle-history"><br></div><div class="battle-history">The opposing Ram me used <strong>Flamethrower</strong>!<br></div><div class="battle-history"><small>It's super effective!</small><br></div><div class="battle-history"><small>(Brambleswine lost 100% of its health!)</small><br></div><div class="spacer battle-history"><br></div><div class="battle-history">Brambleswine fainted!<br></div><div class="spacer battle-history"><br></div><div class="battle-history">Go! Garpyuku (<strong>Garpyuku-Mega</strong>)!<br></div><div class="spacer battle-history"><br></div><h2 class="battle-history">Turn 14</h2><div class="spacer battle-history"><br></div><div class="battle-history">The opposing Ram me used <strong>Solar Beam</strong>!<br></div><div class="battle-history"><small>The opposing Ram me absorbed light!</small><br></div><div class="battle-history"><small>The opposing Ram me became fully charged due to its Power Herb!</small><br></div><div class="battle-history"><small>It's super effective!</small><br></div><div class="battle-history"><small>A critical hit!</small><br></div><div class="battle-history"><small>(Garpyuku lost 100% of its health!)</small><br></div><div class="spacer battle-history"><br></div><div class="battle-history">Garpyuku fainted!<br></div><div class="spacer battle-history"><br></div><div class="battle-history">Go! <strong>Iron Dirge</strong>!<br></div><div class="spacer battle-history"><br></div><h2 class="battle-history">Turn 15</h2><div class="chat chatmessage-xrn mine"><strong style="color:#0f9c32"><small>+</small><span class="username" data-name="Xrn">Xrn</span>:</strong> <em>👩‍🍳</em></div><div class="spacer battle-history"><br></div><div class="battle-history">The opposing Ram me used <strong>Water Pulse</strong>!<br></div><div class="battle-history"><small>It's super effective!</small><br></div><div class="battle-history"><small>(Iron Dirge lost 100% of its health!)</small><br></div><div class="spacer battle-history"><br></div><div class="battle-history">Iron Dirge fainted!<br></div><div class="spacer battle-history"><br></div><div class="battle-history">Go! <strong>Iron Legion</strong>!<br></div><div class="battle-history">[Iron Legion's Circuit Breaker]<br></div><div class="spacer battle-history"><br></div><h2 class="battle-history">Turn 16</h2><div class="chat chatmessage-stickyfingaa"><strong style="color:#e76311"><small>+</small><span class="username" data-name="Sticky Fingaa">Sticky Fingaa</span>:</strong> <em>so</em></div><div class="spacer battle-history"><br></div><div class="battle-history">The opposing Ram me used <strong>Dragon Pulse</strong>!<br></div><div class="battle-history"><small>(Iron Legion lost 100% of its health!)</small><br></div><div class="spacer battle-history"><br></div><div class="battle-history">Iron Legion fainted!<br></div><div class="spacer battle-history"><br></div><div class="battle-history">Go! <strong>Drampiclus</strong>!<br></div><div class="chat"><ul class="utilichart"><li class="result"><span class="col pokemonnamecol" style="white-space: nowrap">Drampiclus</span> <span class="col typecol"><img src="https://play.pokemonshowdown.com/sprites/types/Dragon.png" alt="Dragon" height="14" width="32"><img src="https://play.pokemonshowdown.com/sprites/types/Psychic.png" alt="Psychic" height="14" width="32"></span> <span style="float: left ; min-height: 26px"><span class="col abilitycol">Regain Patience</span><span class="col abilitycol"></span></span></li><li style="clear: both"></li></ul></div><div class="chat"><ul class="utilichart"><li class="result"><span style="float: left ; min-height: 26px"><span class="col statcol"><em>HP</em><br>105</span> <span class="col statcol"><em>Atk</em><br>62</span> <span class="col statcol"><em>Def</em><br>80</span> <span class="col statcol"><em>SpA</em><br>130</span> <span class="col statcol"><em>SpD</em><br>90</span> <span class="col statcol"><em>Spe</em><br>33</span> </span></li><li style="clear: both"></li></ul></div><div class="spacer battle-history"><br></div><h2 class="battle-history">Turn 17</h2><div class="chat chatmessage-zstrats"><strong style="color:#6277bc"><small>☆</small><span class="username" data-name="Z Strats">Z Strats</span>:</strong> <em>so we banning this?</em></div><div class="spacer battle-history"><br></div><div class="battle-history">The opposing Ram me used <strong>Dragon Pulse</strong>!<br></div><div class="battle-history"><small>It's super effective!</small><br></div><div class="battle-history"><small>(Drampiclus lost 71% of its health!)</small><br></div><div class="battle-history">[Drampiclus's Regain Patience]<br></div><div class="battle-history"><small>Drampiclus's Sp. Atk rose!</small><br></div><div class="spacer battle-history"><br></div><div class="battle-history">Drampiclus used <strong>Focus Blast</strong>!<br></div><div class="battle-history"><small>The opposing Ram me avoided the attack!</small><br></div><div class="spacer battle-history"><br></div><h2 class="battle-history">Turn 18</h2><div class="chat chatmessage-stickyfingaa"><strong style="color:#e76311"><small>+</small><span class="username" data-name="Sticky Fingaa">Sticky Fingaa</span>:</strong> <em>i would say probably but i don't play fe sv</em></div><div class="chat chatmessage-stickyfingaa"><strong style="color:#e76311"><small>+</small><span class="username" data-name="Sticky Fingaa">Sticky Fingaa</span>:</strong> <em>so lol</em></div><div class="chat chatmessage-blazinghero657"><strong style="color:#2e9e35"><small>☆</small><span class="username" data-name="BlazingHero657">BlazingHero657</span>:</strong> <em>Thank you rng, not like it mattered</em></div><div class="spacer battle-history"><br></div><div class="battle-history">The opposing Ram me used <strong>Dragon Pulse</strong>!<br></div><div class="battle-history"><small>It's super effective!</small><br></div><div class="battle-history"><small>(Drampiclus lost 29% of its health!)</small><br></div><div class="spacer battle-history"><br></div><div class="battle-history">Drampiclus fainted!<br></div><div class="spacer battle-history"><br></div><div class="battle-history">Go! <strong>Rotoghold</strong>!<br></div><div class="spacer battle-history"><br></div><h2 class="battle-history">Turn 19</h2><div class="spacer battle-history"><br></div><div class="battle-history">The opposing Ram me used <strong>Flamethrower</strong>!<br></div><div class="battle-history"><small>It's super effective!</small><br></div><div class="battle-history"><small>(Rotoghold lost 100% of its health!)</small><br></div><div class="spacer battle-history"><br></div><div class="battle-history">Rotoghold fainted!<br></div><div class="spacer battle-history"><br></div><div class="battle-history"><strong>Z Strats</strong> won the battle!<br></div><div class="chat chatmessage-zstrats"><strong style="color:#6277bc"><small>☆</small><span class="username" data-name="Z Strats">Z Strats</span>:</strong> <em>gg</em></div></div><div class="inner-preempt message-log"></div></div></div>
</div>
<script>
let daily = Math.floor(Date.now()/1000/60/60/24);document.write('<script src="https://dragonheaven.herokuapp.com/js/replay-embed.js?version'+daily+'"></'+'script>');
</script>
