<!DOCTYPE html>
<meta charset="utf-8" />
<!-- version 1 -->
<title>[Gen 2] Crystal: Sevii Islands replay: spellcaster vs. Bekama</title>
<style>
html,body {font-family:Verdana, sans-serif;font-size:10pt;margin:0;padding:0;}body{padding:12px 0;} .battle-log {font-family:Verdana, sans-serif;font-size:10pt;} .battle-log-inline {border:1px solid #AAAAAA;background:#EEF2F5;color:black;max-width:640px;margin:0 auto 80px;padding-bottom:5px;} .battle-log .inner {padding:4px 8px 0px 8px;} .battle-log .inner-preempt {padding:0 8px 4px 8px;} .battle-log .inner-after {margin-top:0.5em;} .battle-log h2 {margin:0.5em -8px;padding:4px 8px;border:1px solid #AAAAAA;background:#E0E7EA;border-left:0;border-right:0;font-family:Verdana, sans-serif;font-size:13pt;} .battle-log .chat {vertical-align:middle;padding:3px 0 3px 0;font-size:8pt;} .battle-log .chat strong {color:#40576A;} .battle-log .chat em {padding:1px 4px 1px 3px;color:#000000;font-style:normal;} .chat.mine {background:rgba(0,0,0,0.05);margin-left:-8px;margin-right:-8px;padding-left:8px;padding-right:8px;} .spoiler {color:#BBBBBB;background:#BBBBBB;padding:0px 3px;} .spoiler:hover, .spoiler:active, .spoiler-shown {color:#000000;background:#E2E2E2;padding:0px 3px;} .spoiler a {color:#BBBBBB;} .spoiler:hover a, .spoiler:active a, .spoiler-shown a {color:#2288CC;} .chat code, .chat .spoiler:hover code, .chat .spoiler:active code, .chat .spoiler-shown code {border:1px solid #C0C0C0;background:#EEEEEE;color:black;padding:0 2px;} .chat .spoiler code {border:1px solid #CCCCCC;background:#CCCCCC;color:#CCCCCC;} .battle-log .rated {padding:3px 4px;} .battle-log .rated strong {color:white;background:#89A;padding:1px 4px;border-radius:4px;} .spacer {margin-top:0.5em;} .message-announce {background:#6688AA;color:white;padding:1px 4px 2px;} .message-announce a, .broadcast-green a, .broadcast-blue a, .broadcast-red a {color:#DDEEFF;} .broadcast-green {background-color:#559955;color:white;padding:2px 4px;} .broadcast-blue {background-color:#6688AA;color:white;padding:2px 4px;} .infobox {border:1px solid #6688AA;padding:2px 4px;} .infobox-limited {max-height:200px;overflow:auto;overflow-x:hidden;} .broadcast-red {background-color:#AA5544;color:white;padding:2px 4px;} .message-learn-canlearn {font-weight:bold;color:#228822;text-decoration:underline;} .message-learn-cannotlearn {font-weight:bold;color:#CC2222;text-decoration:underline;} .message-effect-weak {font-weight:bold;color:#CC2222;} .message-effect-resist {font-weight:bold;color:#6688AA;} .message-effect-immune {font-weight:bold;color:#666666;} .message-learn-list {margin-top:0;margin-bottom:0;} .message-throttle-notice, .message-error {color:#992222;} .message-overflow, .chat small.message-overflow {font-size:0pt;} .message-overflow::before {font-size:9pt;content:'...';} .subtle {color:#3A4A66;}
</style>
<div class="wrapper replay-wrapper" style="max-width:1180px;margin:0 auto">
<input type="hidden" name="replayid" value="dragonheaven-dragonheaven-gen2crystalseviiislands-67" />
<div class="battle"></div><div class="battle-log"></div><div class="replay-controls"></div><div class="replay-controls-2"></div>
<h1 style="font-weight:normal;text-align:center"><strong>[Gen 2] Crystal: Sevii Islands</strong><br /><a href="http://pokemonshowdown.com/users/spellcaster" class="subtle" target="_blank">spellcaster</a> vs. <a href="http://pokemonshowdown.com/users/bekama" class="subtle" target="_blank">Bekama</a></h1>
<script type="text/plain" class="battle-log-data">|j|☆spellcaster
|j|☆Bekama
|t:|1686511834
|player|p1|spellcaster|265|
|player|p2|Bekama|buck|
|teamsize|p1|6
|teamsize|p2|6
|gametype|singles
|gen|2
|tier|[Gen 2] Crystal: Sevii Islands
|rule|Sleep Clause Mod: Limit one foe put to sleep
|rule|Freeze Clause Mod: Limit one foe frozen
|rule|Species Clause: Limit one of each Pokémon
|rule|OHKO Clause: OHKO moves are banned
|rule|Evasion Moves Clause: Evasion moves are banned
|rule|Endless Battle Clause: Forcing endless battles is banned
|rule|HP Percentage Mod: HP is shown in percentages
|raw|<img src="https:\/\/www.smogon.com\/forums\/attachments\/151df61d-7d50-438a-ac00-32f18fe1424b-png.395890\/" height="212" width="381">
|-message|Welcome to Crystal: Sevii Islands!
|-message|This is a [Gen 2] OU-based format where we add new Fakemon, items, moves and even lore!
|-message|You can find our spreadsheet with all the new additions here:
|-message|https:\/\/docs.google.com\/spreadsheets\/d\/1QL_789vTzxG8An43itUxPonK9ee7ezxH6GCR9dD_JyQ\/edit?usp=sharing
|-message|Good luck and have fun with your battle!
|
|t:|1686511834
|start
|switch|p1a: Exeggutor|Exeggutor, M|100\/100
|switch|p2a: Dodrio|Dodrio, M|100\/100
|-start|p2a: Dodrio|typechange|Normal\/Flying|[silent]
|raw|<ul class="utilichart"><li class="result"><span class="col pokemonnamecol" style="white-space: nowrap">Dodrio<\/span> <span class="col typecol"><img src="https:\/\/play.pokemonshowdown.com\/sprites\/types\/Normal.png" alt="Normal" height="14" width="32"><img src="https:\/\/play.pokemonshowdown.com\/sprites\/types\/Flying.png" alt="Flying" height="14" width="32"><\/span> <span style="float: left ; min-height: 26px"><span class="col abilitycol">Run Away \/ Early Bird<\/span><span class="col abilitycol"><\/span><\/span><\/li><li style="clear: both"><\/li><\/ul>
|raw|<ul class="utilichart"><li class="result"><span style="float: left ; min-height: 26px"><span class="col statcol"><em>HP<\/em><br>60<\/span> <span class="col statcol"><em>Atk<\/em><br>110<\/span> <span class="col statcol"><em>Def<\/em><br>70<\/span> <span class="col statcol"><em>SpA<\/em><br>60<\/span> <span class="col statcol"><em>SpD<\/em><br>60<\/span> <span class="col statcol"><em>Spe<\/em><br>100<\/span> <\/span><\/li><li style="clear: both"><\/li><\/ul>
|-start|p1a: Exeggutor|typechange|Grass\/Psychic|[silent]
|raw|<ul class="utilichart"><li class="result"><span class="col pokemonnamecol" style="white-space: nowrap">Exeggutor<\/span> <span class="col typecol"><img src="https:\/\/play.pokemonshowdown.com\/sprites\/types\/Grass.png" alt="Grass" height="14" width="32"><img src="https:\/\/play.pokemonshowdown.com\/sprites\/types\/Psychic.png" alt="Psychic" height="14" width="32"><\/span> <span style="float: left ; min-height: 26px"><span class="col abilitycol">Chlorophyll<\/span><span class="col abilitycol"><\/span><\/span><\/li><li style="clear: both"><\/li><\/ul>
|raw|<ul class="utilichart"><li class="result"><span style="float: left ; min-height: 26px"><span class="col statcol"><em>HP<\/em><br>95<\/span> <span class="col statcol"><em>Atk<\/em><br>95<\/span> <span class="col statcol"><em>Def<\/em><br>85<\/span> <span class="col statcol"><em>SpA<\/em><br>125<\/span> <span class="col statcol"><em>SpD<\/em><br>65<\/span> <span class="col statcol"><em>Spe<\/em><br>55<\/span> <\/span><\/li><li style="clear: both"><\/li><\/ul>
|turn|1
|c|☆spellcaster|hf
|c|☆Bekama|glhf
|
|t:|1686511865
|switch|p1a: Terricks|Terricks|100\/100
|-start|p1a: Terricks|typechange|Rock\/Flying|[silent]
|raw|<ul class="utilichart"><li class="result"><span class="col pokemonnamecol" style="white-space: nowrap">Terricks<\/span> <span class="col typecol"><img src="https:\/\/play.pokemonshowdown.com\/sprites\/types\/Rock.png" alt="Rock" height="14" width="32"><img src="https:\/\/play.pokemonshowdown.com\/sprites\/types\/Flying.png" alt="Flying" height="14" width="32"><\/span> <span style="float: left ; min-height: 26px"><span class="col abilitycol">No Ability<\/span><span class="col abilitycol"><\/span><\/span><\/li><li style="clear: both"><\/li><\/ul>
|raw|<ul class="utilichart"><li class="result"><span style="float: left ; min-height: 26px"><span class="col statcol"><em>HP<\/em><br>90<\/span> <span class="col statcol"><em>Atk<\/em><br>125<\/span> <span class="col statcol"><em>Def<\/em><br>160<\/span> <span class="col statcol"><em>SpA<\/em><br>90<\/span> <span class="col statcol"><em>SpD<\/em><br>50<\/span> <span class="col statcol"><em>Spe<\/em><br>65<\/span> <\/span><\/li><li style="clear: both"><\/li><\/ul>
|move|p2a: Dodrio|Sky Attack||[still]
|-prepare|p2a: Dodrio|Sky Attack
|-activate|p2a: Dodrio|item: Power Link
|-anim|p2a: Dodrio|Terricks|p2a: Dodrio
|-damage|p2a: Dodrio|67\/100|[from] Recoil
|-resisted|p1a: Terricks
|-damage|p1a: Terricks|83\/100
|
|-heal|p1a: Terricks|89\/100|[from] item: Leftovers
|upkeep
|turn|2
|
|t:|1686511882
|switch|p2a: Exoltol|Exoltol, M|100\/100
|-start|p2a: Exoltol|typechange|Water\/Ground|[silent]
|raw|<ul class="utilichart"><li class="result"><span class="col pokemonnamecol" style="white-space: nowrap">Exoltol<\/span> <span class="col typecol"><img src="https:\/\/play.pokemonshowdown.com\/sprites\/types\/Water.png" alt="Water" height="14" width="32"><img src="https:\/\/play.pokemonshowdown.com\/sprites\/types\/Ground.png" alt="Ground" height="14" width="32"><\/span> <span style="float: left ; min-height: 26px"><span class="col abilitycol">No Ability<\/span><span class="col abilitycol"><\/span><\/span><\/li><li style="clear: both"><\/li><\/ul>
|raw|<ul class="utilichart"><li class="result"><span style="float: left ; min-height: 26px"><span class="col statcol"><em>HP<\/em><br>100<\/span> <span class="col statcol"><em>Atk<\/em><br>105<\/span> <span class="col statcol"><em>Def<\/em><br>95<\/span> <span class="col statcol"><em>SpA<\/em><br>70<\/span> <span class="col statcol"><em>SpD<\/em><br>70<\/span> <span class="col statcol"><em>Spe<\/em><br>45<\/span> <\/span><\/li><li style="clear: both"><\/li><\/ul>
|move|p1a: Terricks|Rock Slide|p2a: Exoltol
|-resisted|p2a: Exoltol
|-damage|p2a: Exoltol|86\/100
|
|-heal|p1a: Terricks|95\/100|[from] item: Leftovers
|-heal|p2a: Exoltol|92\/100|[from] item: Leftovers
|upkeep
|turn|3
|
|t:|1686511890
|switch|p1a: Exeggutor|Exeggutor, M|100\/100
|-start|p1a: Exeggutor|typechange|Grass\/Psychic|[silent]
|move|p2a: Exoltol|Curse|p2a: Exoltol
|-unboost|p2a: Exoltol|spe|1
|-boost|p2a: Exoltol|atk|1
|-boost|p2a: Exoltol|def|1
|
|-heal|p2a: Exoltol|99\/100|[from] item: Leftovers
|upkeep
|turn|4
|
|t:|1686511894
|move|p1a: Exeggutor|Sleep Powder|p2a: Exoltol|[miss]
|-miss|p1a: Exeggutor
|move|p2a: Exoltol|Sludge Bomb|p1a: Exeggutor
|-supereffective|p1a: Exeggutor
|-damage|p1a: Exeggutor|39\/100
|
|-heal|p1a: Exeggutor|45\/100|[from] item: Leftovers
|-heal|p2a: Exoltol|100\/100|[from] item: Leftovers
|upkeep
|turn|5
|
|t:|1686511901
|switch|p2a: Bellossom|Bellossom, M|100\/100
|-start|p2a: Bellossom|typechange|Grass|[silent]
|raw|<ul class="utilichart"><li class="result"><span class="col pokemonnamecol" style="white-space: nowrap">Bellossom<\/span> <span class="col typecol"><img src="https:\/\/play.pokemonshowdown.com\/sprites\/types\/Grass.png" alt="Grass" height="14" width="32"><\/span> <span style="float: left ; min-height: 26px"><span class="col abilitycol">Chlorophyll<\/span><span class="col abilitycol"><\/span><\/span><\/li><li style="clear: both"><\/li><\/ul>
|raw|<ul class="utilichart"><li class="result"><span style="float: left ; min-height: 26px"><span class="col statcol"><em>HP<\/em><br>75<\/span> <span class="col statcol"><em>Atk<\/em><br>80<\/span> <span class="col statcol"><em>Def<\/em><br>85<\/span> <span class="col statcol"><em>SpA<\/em><br>90<\/span> <span class="col statcol"><em>SpD<\/em><br>100<\/span> <span class="col statcol"><em>Spe<\/em><br>50<\/span> <\/span><\/li><li style="clear: both"><\/li><\/ul>
|move|p1a: Exeggutor|Giga Drain|p2a: Bellossom
|-resisted|p2a: Bellossom
|-damage|p2a: Bellossom|89\/100
|-heal|p1a: Exeggutor|50\/100|[from] drain|[of] p2a: Bellossom
|
|-heal|p1a: Exeggutor|56\/100|[from] item: Leftovers
|upkeep
|turn|6
|j|+zxgzxg
|
|t:|1686511913
|switch|p1a: Gengar|Gengar, M|100\/100
|-start|p1a: Gengar|typechange|Ghost\/Poison|[silent]
|raw|<ul class="utilichart"><li class="result"><span class="col pokemonnamecol" style="white-space: nowrap">Gengar<\/span> <span class="col typecol"><img src="https:\/\/play.pokemonshowdown.com\/sprites\/types\/Ghost.png" alt="Ghost" height="14" width="32"><img src="https:\/\/play.pokemonshowdown.com\/sprites\/types\/Poison.png" alt="Poison" height="14" width="32"><\/span> <span style="float: left ; min-height: 26px"><span class="col abilitycol">Levitate<\/span><span class="col abilitycol"><\/span><\/span><\/li><li style="clear: both"><\/li><\/ul>
|raw|<ul class="utilichart"><li class="result"><span style="float: left ; min-height: 26px"><span class="col statcol"><em>HP<\/em><br>60<\/span> <span class="col statcol"><em>Atk<\/em><br>65<\/span> <span class="col statcol"><em>Def<\/em><br>60<\/span> <span class="col statcol"><em>SpA<\/em><br>130<\/span> <span class="col statcol"><em>SpD<\/em><br>75<\/span> <span class="col statcol"><em>Spe<\/em><br>110<\/span> <\/span><\/li><li style="clear: both"><\/li><\/ul>
|move|p2a: Bellossom|Substitute|p2a: Bellossom
|-start|p2a: Bellossom|Substitute
|-damage|p2a: Bellossom|64\/100
|
|upkeep
|turn|7
|
|t:|1686511924
|move|p1a: Gengar|Ice Punch|p2a: Bellossom
|-supereffective|p2a: Bellossom
|-end|p2a: Bellossom|Substitute
|move|p2a: Bellossom|Leech Seed|p1a: Gengar
|-start|p1a: Gengar|move: Leech Seed
|
|upkeep
|turn|8
|j| im high on cacnea
|
|t:|1686511949
|switch|p2a: Dodrio|Dodrio, M|67\/100
|-start|p2a: Dodrio|typechange|Normal\/Flying|[silent]
|move|p1a: Gengar|Ice Punch|p2a: Dodrio
|-supereffective|p2a: Dodrio
|-damage|p2a: Dodrio|4\/100
|-damage|p1a: Gengar|88\/100|[from] Leech Seed|[of] p2a: Dodrio
|-heal|p2a: Dodrio|16\/100|[silent]
|
|-heal|p1a: Gengar|94\/100|[from] item: Leftovers
|upkeep
|turn|9
|
|t:|1686511963
|move|p1a: Gengar|Ice Punch|p2a: Dodrio
|-supereffective|p2a: Dodrio
|-damage|p2a: Dodrio|0 fnt
|faint|p2a: Dodrio
|j|+Xrn
|
|t:|1686511968
|switch|p2a: Houndoom|Houndoom, M|100\/100
|-start|p2a: Houndoom|typechange|Dark\/Fire|[silent]
|raw|<ul class="utilichart"><li class="result"><span class="col pokemonnamecol" style="white-space: nowrap">Houndoom<\/span> <span class="col typecol"><img src="https:\/\/play.pokemonshowdown.com\/sprites\/types\/Dark.png" alt="Dark" height="14" width="32"><img src="https:\/\/play.pokemonshowdown.com\/sprites\/types\/Fire.png" alt="Fire" height="14" width="32"><\/span> <span style="float: left ; min-height: 26px"><span class="col abilitycol">Early Bird \/ Flash Fire<\/span><span class="col abilitycol"><\/span><\/span><\/li><li style="clear: both"><\/li><\/ul>
|raw|<ul class="utilichart"><li class="result"><span style="float: left ; min-height: 26px"><span class="col statcol"><em>HP<\/em><br>75<\/span> <span class="col statcol"><em>Atk<\/em><br>90<\/span> <span class="col statcol"><em>Def<\/em><br>50<\/span> <span class="col statcol"><em>SpA<\/em><br>110<\/span> <span class="col statcol"><em>SpD<\/em><br>80<\/span> <span class="col statcol"><em>Spe<\/em><br>95<\/span> <\/span><\/li><li style="clear: both"><\/li><\/ul>
|
|-heal|p1a: Gengar|100\/100|[from] item: Leftovers
|upkeep
|turn|10
|c|+Xrn|yo this goes hard in game
|
|t:|1686511979
|-activate|p1a: Gengar|move: Pursuit
|move|p2a: Houndoom|Pursuit|p1a: Gengar|[from]Pursuit
|-supereffective|p1a: Gengar
|-damage|p1a: Gengar|31\/100
|switch|p1a: Snorlax|Snorlax, M|100\/100
|-start|p1a: Snorlax|typechange|Normal|[silent]
|raw|<ul class="utilichart"><li class="result"><span class="col pokemonnamecol" style="white-space: nowrap">Snorlax<\/span> <span class="col typecol"><img src="https:\/\/play.pokemonshowdown.com\/sprites\/types\/Normal.png" alt="Normal" height="14" width="32"><\/span> <span style="float: left ; min-height: 26px"><span class="col abilitycol">Immunity \/ Thick Fat<\/span><span class="col abilitycol"><\/span><\/span><\/li><li style="clear: both"><\/li><\/ul>
|raw|<ul class="utilichart"><li class="result"><span style="float: left ; min-height: 26px"><span class="col statcol"><em>HP<\/em><br>160<\/span> <span class="col statcol"><em>Atk<\/em><br>110<\/span> <span class="col statcol"><em>Def<\/em><br>65<\/span> <span class="col statcol"><em>SpA<\/em><br>65<\/span> <span class="col statcol"><em>SpD<\/em><br>110<\/span> <span class="col statcol"><em>Spe<\/em><br>30<\/span> <\/span><\/li><li style="clear: both"><\/li><\/ul>
|
|upkeep
|turn|11
|
|t:|1686511988
|move|p2a: Houndoom|Fire Blast|p1a: Snorlax
|-enditem|p1a: Snorlax|Hellfire Lantern
|-status|p1a: Snorlax|brn
|-enditem|p2a: Houndoom|Hellfire Lantern
|-damage|p1a: Snorlax|74\/100 brn
|move|p1a: Snorlax|Double-Edge|p2a: Houndoom
|-damage|p2a: Houndoom|69\/100
|-damage|p1a: Snorlax|69\/100 brn|[from] Recoil|[of] p2a: Houndoom
|-damage|p1a: Snorlax|57\/100 brn|[from] brn|[of] p2a: Houndoom
|
|-heal|p1a: Snorlax|63\/100 brn|[from] item: Leftovers
|upkeep
|turn|12
|
|t:|1686511996
|move|p2a: Houndoom|Thief|p1a: Snorlax
|-damage|p1a: Snorlax|54\/100 brn
|-item|p2a: Houndoom|Leftovers|[from] move: Thief|[of] p1a: Snorlax
|move|p1a: Snorlax|Rest|p1a: Snorlax
|-status|p1a: Snorlax|slp|[from] move: Rest
|-heal|p1a: Snorlax|100\/100 slp|[silent]
|
|-heal|p2a: Houndoom|75\/100|[from] item: Leftovers
|upkeep
|turn|13
|
|t:|1686512003
|switch|p2a: Horatekku|Horatekku, M|100\/100
|-start|p2a: Horatekku|typechange|Steel\/Ghost|[silent]
|raw|<ul class="utilichart"><li class="result"><span class="col pokemonnamecol" style="white-space: nowrap">Horatekku<\/span> <span class="col typecol"><img src="https:\/\/play.pokemonshowdown.com\/sprites\/types\/Steel.png" alt="Steel" height="14" width="32"><img src="https:\/\/play.pokemonshowdown.com\/sprites\/types\/Ghost.png" alt="Ghost" height="14" width="32"><\/span> <span style="float: left ; min-height: 26px"><span class="col abilitycol">No Ability<\/span><span class="col abilitycol"><\/span><\/span><\/li><li style="clear: both"><\/li><\/ul>
|raw|<ul class="utilichart"><li class="result"><span style="float: left ; min-height: 26px"><span class="col statcol"><em>HP<\/em><br>80<\/span> <span class="col statcol"><em>Atk<\/em><br>100<\/span> <span class="col statcol"><em>Def<\/em><br>120<\/span> <span class="col statcol"><em>SpA<\/em><br>60<\/span> <span class="col statcol"><em>SpD<\/em><br>70<\/span> <span class="col statcol"><em>Spe<\/em><br>50<\/span> <\/span><\/li><li style="clear: both"><\/li><\/ul>
|cant|p1a: Snorlax|slp
|move|p1a: Snorlax|Sleep Talk|p1a: Snorlax
|move|p1a: Snorlax|Double-Edge|p2a: Horatekku|[from]Sleep Talk
|-immune|p2a: Horatekku
|
|upkeep
|turn|14
|
|t:|1686512013
|switch|p1a: Exoltol|Exoltol, M|100\/100
|-start|p1a: Exoltol|typechange|Water\/Ground|[silent]
|raw|<ul class="utilichart"><li class="result"><span class="col pokemonnamecol" style="white-space: nowrap">Exoltol<\/span> <span class="col typecol"><img src="https:\/\/play.pokemonshowdown.com\/sprites\/types\/Water.png" alt="Water" height="14" width="32"><img src="https:\/\/play.pokemonshowdown.com\/sprites\/types\/Ground.png" alt="Ground" height="14" width="32"><\/span> <span style="float: left ; min-height: 26px"><span class="col abilitycol">No Ability<\/span><span class="col abilitycol"><\/span><\/span><\/li><li style="clear: both"><\/li><\/ul>
|raw|<ul class="utilichart"><li class="result"><span style="float: left ; min-height: 26px"><span class="col statcol"><em>HP<\/em><br>100<\/span> <span class="col statcol"><em>Atk<\/em><br>105<\/span> <span class="col statcol"><em>Def<\/em><br>95<\/span> <span class="col statcol"><em>SpA<\/em><br>70<\/span> <span class="col statcol"><em>SpD<\/em><br>70<\/span> <span class="col statcol"><em>Spe<\/em><br>45<\/span> <\/span><\/li><li style="clear: both"><\/li><\/ul>
|move|p2a: Horatekku|Substitute|p2a: Horatekku
|-start|p2a: Horatekku|Substitute
|-damage|p2a: Horatekku|76\/100
|
|-heal|p2a: Horatekku|82\/100|[from] item: Leftovers
|upkeep
|turn|15
|
|t:|1686512019
|move|p2a: Horatekku|Byte Torment||[still]
|-anim|p2a: Horatekku|Chatter|p1a: Exoltol
|-damage|p1a: Exoltol|78\/100
|-unboost|p1a: Exoltol|atk|1
|move|p1a: Exoltol|Earthquake|p2a: Horatekku
|-supereffective|p2a: Horatekku
|-end|p2a: Horatekku|Substitute
|
|-heal|p2a: Horatekku|88\/100|[from] item: Leftovers
|-heal|p1a: Exoltol|84\/100|[from] item: Leftovers
|upkeep
|turn|16
|
|t:|1686512034
|move|p2a: Horatekku|Protect|p2a: Horatekku
|-singleturn|p2a: Horatekku|Protect
|move|p1a: Exoltol|Earthquake|p2a: Horatekku
|-activate|p2a: Horatekku|Protect
|
|-heal|p2a: Horatekku|94\/100|[from] item: Leftovers
|-heal|p1a: Exoltol|91\/100|[from] item: Leftovers
|upkeep
|turn|17
|
|t:|1686512043
|move|p2a: Horatekku|Byte Torment||[still]
|-anim|p2a: Horatekku|Chatter|p1a: Exoltol
|-damage|p1a: Exoltol|68\/100
|-unboost|p1a: Exoltol|atk|1
|move|p1a: Exoltol|Earthquake|p2a: Horatekku
|-supereffective|p2a: Horatekku
|-damage|p2a: Horatekku|64\/100
|
|-heal|p2a: Horatekku|70\/100|[from] item: Leftovers
|-heal|p1a: Exoltol|74\/100|[from] item: Leftovers
|upkeep
|turn|18
|j|+CaoJie
|
|t:|1686512054
|switch|p1a: Terricks|Terricks|95\/100
|-start|p1a: Terricks|typechange|Rock\/Flying|[silent]
|move|p2a: Horatekku|Byte Torment||[still]
|-anim|p2a: Horatekku|Chatter|p1a: Terricks
|-damage|p1a: Terricks|78\/100
|-unboost|p1a: Terricks|atk|1
|
|-heal|p1a: Terricks|84\/100|[from] item: Leftovers
|-heal|p2a: Horatekku|76\/100|[from] item: Leftovers
|upkeep
|turn|19
|
|t:|1686512061
|move|p2a: Horatekku|Protect|p2a: Horatekku
|-singleturn|p2a: Horatekku|Protect
|move|p1a: Terricks|Whirlwind|p2a: Horatekku
|-activate|p2a: Horatekku|Protect
|
|-heal|p1a: Terricks|90\/100|[from] item: Leftovers
|-heal|p2a: Horatekku|82\/100|[from] item: Leftovers
|upkeep
|turn|20
|
|t:|1686512070
|move|p2a: Horatekku|Byte Torment||[still]
|-anim|p2a: Horatekku|Chatter|p1a: Terricks
|-damage|p1a: Terricks|72\/100
|-unboost|p1a: Terricks|atk|1
|move|p1a: Terricks|Whirlwind|p2a: Horatekku
|drag|p2a: Exoltol|Exoltol, M|100\/100
|-start|p2a: Exoltol|typechange|Water\/Ground|[silent]
|
|-heal|p1a: Terricks|78\/100|[from] item: Leftovers
|upkeep
|turn|21
|
|t:|1686512085
|switch|p1a: Exeggutor|Exeggutor, M|56\/100
|-start|p1a: Exeggutor|typechange|Grass\/Psychic|[silent]
|move|p2a: Exoltol|Surf|p1a: Exeggutor
|-crit|p1a: Exeggutor
|-resisted|p1a: Exeggutor
|-damage|p1a: Exeggutor|28\/100
|
|-heal|p1a: Exeggutor|34\/100|[from] item: Leftovers
|upkeep
|turn|22
|
|t:|1686512095
|switch|p2a: Bellossom|Bellossom, M|64\/100
|-start|p2a: Bellossom|typechange|Grass|[silent]
|move|p1a: Exeggutor|Explosion|p2a: Bellossom
|-damage|p2a: Bellossom|0 fnt
|faint|p1a: Exeggutor
|faint|p2a: Bellossom
|
|t:|1686512104
|switch|p1a: Cloyster|Cloyster, M|100\/100
|switch|p2a: Horatekku|Horatekku, M|82\/100
|-start|p1a: Cloyster|typechange|Water\/Ice|[silent]
|raw|<ul class="utilichart"><li class="result"><span class="col pokemonnamecol" style="white-space: nowrap">Cloyster<\/span> <span class="col typecol"><img src="https:\/\/play.pokemonshowdown.com\/sprites\/types\/Water.png" alt="Water" height="14" width="32"><img src="https:\/\/play.pokemonshowdown.com\/sprites\/types\/Ice.png" alt="Ice" height="14" width="32"><\/span> <span style="float: left ; min-height: 26px"><span class="col abilitycol">Shell Armor \/ Skill Link<\/span><span class="col abilitycol"><\/span><\/span><\/li><li style="clear: both"><\/li><\/ul>
|raw|<ul class="utilichart"><li class="result"><span style="float: left ; min-height: 26px"><span class="col statcol"><em>HP<\/em><br>50<\/span> <span class="col statcol"><em>Atk<\/em><br>95<\/span> <span class="col statcol"><em>Def<\/em><br>180<\/span> <span class="col statcol"><em>SpA<\/em><br>85<\/span> <span class="col statcol"><em>SpD<\/em><br>45<\/span> <span class="col statcol"><em>Spe<\/em><br>70<\/span> <\/span><\/li><li style="clear: both"><\/li><\/ul>
|-start|p2a: Horatekku|typechange|Steel\/Ghost|[silent]
|
|-heal|p2a: Horatekku|88\/100|[from] item: Leftovers
|upkeep
|turn|23
|
|t:|1686512118
|move|p2a: Horatekku|Protect|p2a: Horatekku
|-singleturn|p2a: Horatekku|Protect
|move|p1a: Cloyster|Spikes|p2a: Horatekku
|-sidestart|p2: Bekama|Spikes
|
|-heal|p2a: Horatekku|95\/100|[from] item: Leftovers
|upkeep
|turn|24
|
|t:|1686512123
|move|p1a: Cloyster|Surf|p2a: Horatekku
|-damage|p2a: Horatekku|55\/100
|move|p2a: Horatekku|Hidden Power|p1a: Cloyster
|-supereffective|p1a: Cloyster
|-damage|p1a: Cloyster|76\/100
|
|-heal|p1a: Cloyster|82\/100|[from] item: Leftovers
|-heal|p2a: Horatekku|61\/100|[from] item: Leftovers
|upkeep
|turn|25
|j|+Gekokeso
|
|t:|1686512130
|switch|p2a: Snorlax|Snorlax, M|100\/100
|-start|p2a: Snorlax|typechange|Normal|[silent]
|raw|<ul class="utilichart"><li class="result"><span class="col pokemonnamecol" style="white-space: nowrap">Snorlax<\/span> <span class="col typecol"><img src="https:\/\/play.pokemonshowdown.com\/sprites\/types\/Normal.png" alt="Normal" height="14" width="32"><\/span> <span style="float: left ; min-height: 26px"><span class="col abilitycol">Immunity \/ Thick Fat<\/span><span class="col abilitycol"><\/span><\/span><\/li><li style="clear: both"><\/li><\/ul>
|raw|<ul class="utilichart"><li class="result"><span style="float: left ; min-height: 26px"><span class="col statcol"><em>HP<\/em><br>160<\/span> <span class="col statcol"><em>Atk<\/em><br>110<\/span> <span class="col statcol"><em>Def<\/em><br>65<\/span> <span class="col statcol"><em>SpA<\/em><br>65<\/span> <span class="col statcol"><em>SpD<\/em><br>110<\/span> <span class="col statcol"><em>Spe<\/em><br>30<\/span> <\/span><\/li><li style="clear: both"><\/li><\/ul>
|-damage|p2a: Snorlax|88\/100|[from] Spikes
|move|p1a: Cloyster|Surf|p2a: Snorlax
|-crit|p2a: Snorlax
|-damage|p2a: Snorlax|53\/100
|
|-heal|p1a: Cloyster|88\/100|[from] item: Leftovers
|-heal|p2a: Snorlax|59\/100|[from] item: Leftovers
|upkeep
|turn|26
|
|t:|1686512135
|switch|p1a: Gengar|Gengar, M|31\/100
|-start|p1a: Gengar|typechange|Ghost\/Poison|[silent]
|move|p2a: Snorlax|Body Slam|p1a: Gengar
|-immune|p1a: Gengar
|
|-heal|p1a: Gengar|38\/100|[from] item: Leftovers
|-heal|p2a: Snorlax|65\/100|[from] item: Leftovers
|upkeep
|turn|27
|
|t:|1686512144
|switch|p2a: Exoltol|Exoltol, M|100\/100
|-damage|p2a: Exoltol|88\/100|[from] Spikes
|-start|p2a: Exoltol|typechange|Water\/Ground|[silent]
|move|p1a: Gengar|Thunderbolt|p2a: Exoltol
|-immune|p2a: Exoltol
|
|-heal|p1a: Gengar|44\/100|[from] item: Leftovers
|-heal|p2a: Exoltol|94\/100|[from] item: Leftovers
|upkeep
|turn|28
|
|t:|1686512154
|move|p1a: Gengar|Explosion|p2a: Exoltol
|-damage|p2a: Exoltol|23\/100
|faint|p1a: Gengar
|
|t:|1686512159
|switch|p1a: Cloyster|Cloyster, M|88\/100
|-start|p1a: Cloyster|typechange|Water\/Ice|[silent]
|
|-heal|p1a: Cloyster|94\/100|[from] item: Leftovers
|-heal|p2a: Exoltol|30\/100|[from] item: Leftovers
|upkeep
|turn|29
|
|t:|1686512177
|move|p1a: Cloyster|Surf|p2a: Exoltol
|-damage|p2a: Exoltol|0 fnt
|faint|p2a: Exoltol
|
|t:|1686512183
|switch|p2a: Snorlax|Snorlax, M|65\/100
|-start|p2a: Snorlax|typechange|Normal|[silent]
|-damage|p2a: Snorlax|52\/100|[from] Spikes
|
|-heal|p1a: Cloyster|99\/100|[from] item: Leftovers
|-heal|p2a: Snorlax|58\/100|[from] item: Leftovers
|upkeep
|turn|30
|
|t:|1686512190
|move|p1a: Cloyster|Toxic|p2a: Snorlax
|-status|p2a: Snorlax|tox
|move|p2a: Snorlax|Body Slam|p1a: Cloyster
|-damage|p1a: Cloyster|77\/100
|-damage|p2a: Snorlax|52\/100 tox|[from] psn
|
|-heal|p1a: Cloyster|83\/100|[from] item: Leftovers
|-heal|p2a: Snorlax|58\/100 tox|[from] item: Leftovers
|upkeep
|turn|31
|
|t:|1686512208
|move|p1a: Cloyster|Surf|p2a: Snorlax
|-damage|p2a: Snorlax|41\/100 tox
|move|p2a: Snorlax|Curse|p2a: Snorlax
|-unboost|p2a: Snorlax|spe|1
|-boost|p2a: Snorlax|atk|1
|-boost|p2a: Snorlax|def|1
|-damage|p2a: Snorlax|29\/100 tox|[from] psn
|
|-heal|p1a: Cloyster|89\/100|[from] item: Leftovers
|-heal|p2a: Snorlax|35\/100 tox|[from] item: Leftovers
|upkeep
|turn|32
|
|t:|1686512217
|move|p1a: Cloyster|Explosion|p2a: Snorlax
|-damage|p2a: Snorlax|0 fnt
|faint|p1a: Cloyster
|faint|p2a: Snorlax
|
|t:|1686512224
|switch|p1a: Terricks|Terricks|78\/100
|switch|p2a: Horatekku|Horatekku, M|61\/100
|-start|p1a: Terricks|typechange|Rock\/Flying|[silent]
|-damage|p2a: Horatekku|49\/100|[from] Spikes
|-start|p2a: Horatekku|typechange|Steel\/Ghost|[silent]
|
|-heal|p1a: Terricks|84\/100|[from] item: Leftovers
|-heal|p2a: Horatekku|55\/100|[from] item: Leftovers
|upkeep
|turn|33
|
|t:|1686512228
|move|p2a: Horatekku|Protect|p2a: Horatekku
|-singleturn|p2a: Horatekku|Protect
|move|p1a: Terricks|Earthquake|p2a: Horatekku
|-activate|p2a: Horatekku|Protect
|
|-heal|p1a: Terricks|90\/100|[from] item: Leftovers
|-heal|p2a: Horatekku|61\/100|[from] item: Leftovers
|upkeep
|turn|34
|l|+Gekokeso
|
|t:|1686512238
|move|p1a: Terricks|Earthquake|p2a: Horatekku
|-crit|p2a: Horatekku
|-supereffective|p2a: Horatekku
|-damage|p2a: Horatekku|0 fnt
|faint|p2a: Horatekku
|
|t:|1686512241
|switch|p2a: Houndoom|Houndoom, M|75\/100
|-damage|p2a: Houndoom|63\/100|[from] Spikes
|-start|p2a: Houndoom|typechange|Dark\/Fire|[silent]
|
|-heal|p2a: Houndoom|69\/100|[from] item: Leftovers
|-heal|p1a: Terricks|96\/100|[from] item: Leftovers
|upkeep
|turn|35
|c|☆Bekama|gg
|c|☆spellcaster|gg
|
|t:|1686512250
|move|p2a: Houndoom|Crunch|p1a: Terricks
|-damage|p1a: Terricks|54\/100
|move|p1a: Terricks|Earthquake|p2a: Houndoom
|-supereffective|p2a: Houndoom
|-damage|p2a: Houndoom|0 fnt
|faint|p2a: Houndoom
|
|win|spellcaster
</script>
</div>
<div class="battle-log battle-log-inline"><div class="inner"><div class="battle-options"><div style="padding-top: 3px; padding-right: 3px; text-align: right"><button class="icon button" name="openBattleOptions" title="Options">Battle Options</button></div></div><div class="inner message-log"><div class="chat"><small>☆spellcaster and ☆Bekama joined</small></div><div class=""><small>Format:</small> <br><strong>[Gen 2] Crystal: Sevii Islands</strong></div><div class=""><small><em>Sleep Clause Mod:</em> Limit one foe put to sleep</small></div><div class=""><small><em>Freeze Clause Mod:</em> Limit one foe frozen</small></div><div class=""><small><em>Species Clause:</em> Limit one of each Pokémon</small></div><div class=""><small><em>OHKO Clause:</em> OHKO moves are banned</small></div><div class=""><small><em>Evasion Moves Clause:</em> Evasion moves are banned</small></div><div class=""><small><em>Endless Battle Clause:</em> Forcing endless battles is banned</small></div><div class=""><small><em>HP Percentage Mod:</em> HP is shown in percentages</small></div><div class="chat"><img src="https://www.smogon.com/forums/attachments/151df61d-7d50-438a-ac00-32f18fe1424b-png.395890/" width="381" height="212"></div><div class="spacer battle-history"><br></div><div class="battle-history"><small>Welcome to Crystal: Sevii Islands!</small><br></div><div class="battle-history"><small>This is a [Gen 2] OU-based format where we add new Fakemon, items, moves and even lore!</small><br></div><div class="battle-history"><small>You can find our spreadsheet with all the new additions here:</small><br></div><div class="battle-history"><small>https://docs.google.com/spreadsheets/d/1QL_789vTzxG8An43itUxPonK9ee7ezxH6GCR9dD_JyQ/edit?usp=sharing</small><br></div><div class="battle-history"><small>Good luck and have fun with your battle!</small><br></div><div class="spacer battle-history"><br></div><div class="battle-history">Battle started between spellcaster and Bekama!<br></div><div class="spacer battle-history"><br></div><div class="battle-history">Go! <strong>Exeggutor</strong>!<br></div><div class="spacer battle-history"><br></div><div class="battle-history">Bekama sent out <strong>Dodrio</strong>!<br></div><div class="chat"><ul class="utilichart"><li class="result"><span class="col pokemonnamecol" style="white-space: nowrap">Dodrio</span> <span class="col typecol"><img src="https://play.pokemonshowdown.com/sprites/types/Normal.png" alt="Normal" width="32" height="14"><img src="https://play.pokemonshowdown.com/sprites/types/Flying.png" alt="Flying" width="32" height="14"></span> <span style="float: left ; min-height: 26px"><span class="col abilitycol">Run Away / Early Bird</span><span class="col abilitycol"></span></span></li><li style="clear: both"></li></ul></div><div class="chat"><ul class="utilichart"><li class="result"><span style="float: left ; min-height: 26px"><span class="col statcol"><em>HP</em><br>60</span> <span class="col statcol"><em>Atk</em><br>110</span> <span class="col statcol"><em>Def</em><br>70</span> <span class="col statcol"><em>SpA</em><br>60</span> <span class="col statcol"><em>SpD</em><br>60</span> <span class="col statcol"><em>Spe</em><br>100</span> </span></li><li style="clear: both"></li></ul></div><div class="chat"><ul class="utilichart"><li class="result"><span class="col pokemonnamecol" style="white-space: nowrap">Exeggutor</span> <span class="col typecol"><img src="https://play.pokemonshowdown.com/sprites/types/Grass.png" alt="Grass" width="32" height="14"><img src="https://play.pokemonshowdown.com/sprites/types/Psychic.png" alt="Psychic" width="32" height="14"></span> <span style="float: left ; min-height: 26px"><span class="col abilitycol">Chlorophyll</span><span class="col abilitycol"></span></span></li><li style="clear: both"></li></ul></div><div class="chat"><ul class="utilichart"><li class="result"><span style="float: left ; min-height: 26px"><span class="col statcol"><em>HP</em><br>95</span> <span class="col statcol"><em>Atk</em><br>95</span> <span class="col statcol"><em>Def</em><br>85</span> <span class="col statcol"><em>SpA</em><br>125</span> <span class="col statcol"><em>SpD</em><br>65</span> <span class="col statcol"><em>Spe</em><br>55</span> </span></li><li style="clear: both"></li></ul></div><div class="spacer battle-history"><br></div><h2 class="battle-history">Turn 1</h2><div class="chat chatmessage-spellcaster"><strong style="color:#899b41"><small>☆</small><span class="username" data-name="spellcaster">spellcaster</span>:</strong> <em>hf</em></div><div class="chat chatmessage-bekama"><strong style="color:#ac8416"><small>☆</small><span class="username" data-name="Bekama">Bekama</span>:</strong> <em>glhf</em></div><div class="spacer battle-history"><br></div><div class="battle-history">Exeggutor, come back!<br></div><div class="battle-history">Go! <strong>Terricks</strong>!<br></div><div class="chat"><ul class="utilichart"><li class="result"><span class="col pokemonnamecol" style="white-space: nowrap">Terricks</span> <span class="col typecol"><img src="https://play.pokemonshowdown.com/sprites/types/Rock.png" alt="Rock" width="32" height="14"><img src="https://play.pokemonshowdown.com/sprites/types/Flying.png" alt="Flying" width="32" height="14"></span> <span style="float: left ; min-height: 26px"><span class="col abilitycol">No Ability</span><span class="col abilitycol"></span></span></li><li style="clear: both"></li></ul></div><div class="chat"><ul class="utilichart"><li class="result"><span style="float: left ; min-height: 26px"><span class="col statcol"><em>HP</em><br>90</span> <span class="col statcol"><em>Atk</em><br>125</span> <span class="col statcol"><em>Def</em><br>160</span> <span class="col statcol"><em>SpA</em><br>90</span> <span class="col statcol"><em>SpD</em><br>50</span> <span class="col statcol"><em>Spe</em><br>65</span> </span></li><li style="clear: both"></li></ul></div><div class="spacer battle-history"><br></div><div class="battle-history">The opposing Dodrio used <strong>Sky Attack</strong>!<br></div><div class="battle-history">The opposing Dodrio became cloaked in a harsh light!<br></div><div class="battle-history"><small>(Power Link activated!)</small><br></div><div class="battle-history"><small>The opposing Dodrio was damaged by the recoil!</small><br></div><div class="battle-history"><small>It's not very effective...</small><br></div><div class="battle-history"><small>(Terricks lost 17% of its health!)</small><br></div><div class="spacer battle-history"><br></div><div class="battle-history"><small>Terricks restored a little HP using its Leftovers!</small><br></div><div class="spacer battle-history"><br></div><h2 class="battle-history">Turn 2</h2><div class="spacer battle-history"><br></div><div class="battle-history">Bekama withdrew Dodrio!<br></div><div class="battle-history">Bekama sent out <strong>Exoltol</strong>!<br></div><div class="chat"><ul class="utilichart"><li class="result"><span class="col pokemonnamecol" style="white-space: nowrap">Exoltol</span> <span class="col typecol"><img src="https://play.pokemonshowdown.com/sprites/types/Water.png" alt="Water" width="32" height="14"><img src="https://play.pokemonshowdown.com/sprites/types/Ground.png" alt="Ground" width="32" height="14"></span> <span style="float: left ; min-height: 26px"><span class="col abilitycol">No Ability</span><span class="col abilitycol"></span></span></li><li style="clear: both"></li></ul></div><div class="chat"><ul class="utilichart"><li class="result"><span style="float: left ; min-height: 26px"><span class="col statcol"><em>HP</em><br>100</span> <span class="col statcol"><em>Atk</em><br>105</span> <span class="col statcol"><em>Def</em><br>95</span> <span class="col statcol"><em>SpA</em><br>70</span> <span class="col statcol"><em>SpD</em><br>70</span> <span class="col statcol"><em>Spe</em><br>45</span> </span></li><li style="clear: both"></li></ul></div><div class="spacer battle-history"><br></div><div class="battle-history">Terricks used <strong>Rock Slide</strong>!<br></div><div class="battle-history"><small>It's not very effective...</small><br></div><div class="battle-history"><small>(The opposing Exoltol lost 14% of its health!)</small><br></div><div class="spacer battle-history"><br></div><div class="battle-history"><small>Terricks restored a little HP using its Leftovers!</small><br></div><div class="battle-history"><small>The opposing Exoltol restored a little HP using its Leftovers!</small><br></div><div class="spacer battle-history"><br></div><h2 class="battle-history">Turn 3</h2><div class="spacer battle-history"><br></div><div class="battle-history">Terricks, come back!<br></div><div class="battle-history">Go! <strong>Exeggutor</strong>!<br></div><div class="spacer battle-history"><br></div><div class="battle-history">The opposing Exoltol used <strong>Curse</strong>!<br></div><div class="battle-history"><small>The opposing Exoltol's Speed fell!</small><br></div><div class="battle-history"><small>The opposing Exoltol's Attack rose!</small><br></div><div class="battle-history"><small>The opposing Exoltol's Defense rose!</small><br></div><div class="spacer battle-history"><br></div><div class="battle-history"><small>The opposing Exoltol restored a little HP using its Leftovers!</small><br></div><div class="spacer battle-history"><br></div><h2 class="battle-history">Turn 4</h2><div class="spacer battle-history"><br></div><div class="battle-history">Exeggutor used <strong>Sleep Powder</strong>!<br></div><div class="battle-history"><small>Exeggutor's attack missed!</small><br></div><div class="spacer battle-history"><br></div><div class="battle-history">The opposing Exoltol used <strong>Sludge Bomb</strong>!<br></div><div class="battle-history"><small>It's super effective!</small><br></div><div class="battle-history"><small>(Exeggutor lost 61% of its health!)</small><br></div><div class="spacer battle-history"><br></div><div class="battle-history"><small>Exeggutor restored a little HP using its Leftovers!</small><br></div><div class="battle-history"><small>The opposing Exoltol restored a little HP using its Leftovers!</small><br></div><div class="spacer battle-history"><br></div><h2 class="battle-history">Turn 5</h2><div class="spacer battle-history"><br></div><div class="battle-history">Bekama withdrew Exoltol!<br></div><div class="battle-history">Bekama sent out <strong>Bellossom</strong>!<br></div><div class="chat"><ul class="utilichart"><li class="result"><span class="col pokemonnamecol" style="white-space: nowrap">Bellossom</span> <span class="col typecol"><img src="https://play.pokemonshowdown.com/sprites/types/Grass.png" alt="Grass" width="32" height="14"></span> <span style="float: left ; min-height: 26px"><span class="col abilitycol">Chlorophyll</span><span class="col abilitycol"></span></span></li><li style="clear: both"></li></ul></div><div class="chat"><ul class="utilichart"><li class="result"><span style="float: left ; min-height: 26px"><span class="col statcol"><em>HP</em><br>75</span> <span class="col statcol"><em>Atk</em><br>80</span> <span class="col statcol"><em>Def</em><br>85</span> <span class="col statcol"><em>SpA</em><br>90</span> <span class="col statcol"><em>SpD</em><br>100</span> <span class="col statcol"><em>Spe</em><br>50</span> </span></li><li style="clear: both"></li></ul></div><div class="spacer battle-history"><br></div><div class="battle-history">Exeggutor used <strong>Giga Drain</strong>!<br></div><div class="battle-history"><small>It's not very effective...</small><br></div><div class="battle-history"><small>(The opposing Bellossom lost 11% of its health!)</small><br></div><div class="battle-history"><small>The opposing Bellossom had its energy drained!</small><br></div><div class="spacer battle-history"><br></div><div class="battle-history"><small>Exeggutor restored a little HP using its Leftovers!</small><br></div><div class="spacer battle-history"><br></div><h2 class="battle-history">Turn 6</h2><div class="chat"><small>+zxgzxg joined</small></div><div class="spacer battle-history"><br></div><div class="battle-history">Exeggutor, come back!<br></div><div class="battle-history">Go! <strong>Gengar</strong>!<br></div><div class="chat"><ul class="utilichart"><li class="result"><span class="col pokemonnamecol" style="white-space: nowrap">Gengar</span> <span class="col typecol"><img src="https://play.pokemonshowdown.com/sprites/types/Ghost.png" alt="Ghost" width="32" height="14"><img src="https://play.pokemonshowdown.com/sprites/types/Poison.png" alt="Poison" width="32" height="14"></span> <span style="float: left ; min-height: 26px"><span class="col abilitycol">Levitate</span><span class="col abilitycol"></span></span></li><li style="clear: both"></li></ul></div><div class="chat"><ul class="utilichart"><li class="result"><span style="float: left ; min-height: 26px"><span class="col statcol"><em>HP</em><br>60</span> <span class="col statcol"><em>Atk</em><br>65</span> <span class="col statcol"><em>Def</em><br>60</span> <span class="col statcol"><em>SpA</em><br>130</span> <span class="col statcol"><em>SpD</em><br>75</span> <span class="col statcol"><em>Spe</em><br>110</span> </span></li><li style="clear: both"></li></ul></div><div class="spacer battle-history"><br></div><div class="battle-history">The opposing Bellossom used <strong>Substitute</strong>!<br></div><div class="battle-history"><small>The opposing Bellossom put in a substitute!</small><br></div><div class="battle-history"><small>(The opposing Bellossom lost 25% of its health!)</small><br></div><div class="spacer battle-history"><br></div><h2 class="battle-history">Turn 7</h2><div class="spacer battle-history"><br></div><div class="battle-history">Gengar used <strong>Ice Punch</strong>!<br></div><div class="battle-history"><small>It's super effective!</small><br></div><div class="battle-history"><small>The opposing Bellossom's substitute faded!</small><br></div><div class="spacer battle-history"><br></div><div class="battle-history">The opposing Bellossom used <strong>Leech Seed</strong>!<br></div><div class="battle-history"><small>Gengar was seeded!</small><br></div><div class="spacer battle-history"><br></div><h2 class="battle-history">Turn 8</h2><div class="chat"><small> im high on cacnea joined</small></div><div class="spacer battle-history"><br></div><div class="battle-history">Bekama withdrew Bellossom!<br></div><div class="battle-history">Bekama sent out <strong>Dodrio</strong>!<br></div><div class="spacer battle-history"><br></div><div class="battle-history">Gengar used <strong>Ice Punch</strong>!<br></div><div class="battle-history"><small>It's super effective!</small><br></div><div class="battle-history"><small>(The opposing Dodrio lost 63% of its health!)</small><br></div><div class="battle-history"><small>Gengar's health is sapped by Leech Seed!</small><br></div><div class="spacer battle-history"><br></div><div class="battle-history"><small>Gengar restored a little HP using its Leftovers!</small><br></div><div class="spacer battle-history"><br></div><h2 class="battle-history">Turn 9</h2><div class="spacer battle-history"><br></div><div class="battle-history">Gengar used <strong>Ice Punch</strong>!<br></div><div class="battle-history"><small>It's super effective!</small><br></div><div class="battle-history"><small>(The opposing Dodrio lost 16% of its health!)</small><br></div><div class="spacer battle-history"><br></div><div class="battle-history">The opposing Dodrio fainted!<br></div><div class="chat"><small>+Xrn joined</small></div><div class="spacer battle-history"><br></div><div class="battle-history">Bekama sent out <strong>Houndoom</strong>!<br></div><div class="chat"><ul class="utilichart"><li class="result"><span class="col pokemonnamecol" style="white-space: nowrap">Houndoom</span> <span class="col typecol"><img src="https://play.pokemonshowdown.com/sprites/types/Dark.png" alt="Dark" width="32" height="14"><img src="https://play.pokemonshowdown.com/sprites/types/Fire.png" alt="Fire" width="32" height="14"></span> <span style="float: left ; min-height: 26px"><span class="col abilitycol">Early Bird / Flash Fire</span><span class="col abilitycol"></span></span></li><li style="clear: both"></li></ul></div><div class="chat"><ul class="utilichart"><li class="result"><span style="float: left ; min-height: 26px"><span class="col statcol"><em>HP</em><br>75</span> <span class="col statcol"><em>Atk</em><br>90</span> <span class="col statcol"><em>Def</em><br>50</span> <span class="col statcol"><em>SpA</em><br>110</span> <span class="col statcol"><em>SpD</em><br>80</span> <span class="col statcol"><em>Spe</em><br>95</span> </span></li><li style="clear: both"></li></ul></div><div class="spacer battle-history"><br></div><div class="battle-history"><small>Gengar restored a little HP using its Leftovers!</small><br></div><div class="spacer battle-history"><br></div><h2 class="battle-history">Turn 10</h2><div class="chat chatmessage-xrn"><strong style="color:#0f9c32"><small>+</small><span class="username" data-name="Xrn">Xrn</span>:</strong> <em>yo this goes hard in game</em></div><div class="spacer battle-history"><br></div><div class="battle-history"><small>(Gengar is being withdrawn...)</small><br></div><div class="spacer battle-history"><br></div><div class="battle-history">The opposing Houndoom used <strong>Pursuit</strong>!<br></div><div class="battle-history"><small>It's super effective!</small><br></div><div class="battle-history"><small>(Gengar lost 69% of its health!)</small><br></div><div class="spacer battle-history"><br></div><div class="battle-history">Gengar, come back!<br></div><div class="battle-history">Go! <strong>Snorlax</strong>!<br></div><div class="chat"><ul class="utilichart"><li class="result"><span class="col pokemonnamecol" style="white-space: nowrap">Snorlax</span> <span class="col typecol"><img src="https://play.pokemonshowdown.com/sprites/types/Normal.png" alt="Normal" width="32" height="14"></span> <span style="float: left ; min-height: 26px"><span class="col abilitycol">Immunity / Thick Fat</span><span class="col abilitycol"></span></span></li><li style="clear: both"></li></ul></div><div class="chat"><ul class="utilichart"><li class="result"><span style="float: left ; min-height: 26px"><span class="col statcol"><em>HP</em><br>160</span> <span class="col statcol"><em>Atk</em><br>110</span> <span class="col statcol"><em>Def</em><br>65</span> <span class="col statcol"><em>SpA</em><br>65</span> <span class="col statcol"><em>SpD</em><br>110</span> <span class="col statcol"><em>Spe</em><br>30</span> </span></li><li style="clear: both"></li></ul></div><div class="spacer battle-history"><br></div><h2 class="battle-history">Turn 11</h2><div class="spacer battle-history"><br></div><div class="battle-history">The opposing Houndoom used <strong>Fire Blast</strong>!<br></div><div class="battle-history"><small>(Snorlax used its Hellfire Lantern!)</small><br></div><div class="battle-history"><small>Snorlax was burned!</small><br></div><div class="battle-history"><small>(The opposing Houndoom used its Hellfire Lantern!)</small><br></div><div class="battle-history"><small>(Snorlax lost 26% of its health!)</small><br></div><div class="spacer battle-history"><br></div><div class="battle-history">Snorlax used <strong>Double-Edge</strong>!<br></div><div class="battle-history"><small>(The opposing Houndoom lost 31% of its health!)</small><br></div><div class="battle-history"><small>Snorlax was damaged by the recoil!</small><br></div><div class="battle-history"><small>Snorlax was hurt by its burn!</small><br></div><div class="spacer battle-history"><br></div><div class="battle-history"><small>Snorlax restored a little HP using its Leftovers!</small><br></div><div class="spacer battle-history"><br></div><h2 class="battle-history">Turn 12</h2><div class="spacer battle-history"><br></div><div class="battle-history">The opposing Houndoom used <strong>Thief</strong>!<br></div><div class="battle-history"><small>(Snorlax lost 9% of its health!)</small><br></div><div class="battle-history"><small>The opposing Houndoom stole Snorlax's Leftovers!</small><br></div><div class="spacer battle-history"><br></div><div class="battle-history">Snorlax used <strong>Rest</strong>!<br></div><div class="battle-history"><small>Snorlax slept and became healthy!</small><br></div><div class="spacer battle-history"><br></div><div class="battle-history"><small>The opposing Houndoom restored a little HP using its Leftovers!</small><br></div><div class="spacer battle-history"><br></div><h2 class="battle-history">Turn 13</h2><div class="spacer battle-history"><br></div><div class="battle-history">Bekama withdrew Houndoom!<br></div><div class="battle-history">Bekama sent out <strong>Horatekku</strong>!<br></div><div class="chat"><ul class="utilichart"><li class="result"><span class="col pokemonnamecol" style="white-space: nowrap">Horatekku</span> <span class="col typecol"><img src="https://play.pokemonshowdown.com/sprites/types/Steel.png" alt="Steel" width="32" height="14"><img src="https://play.pokemonshowdown.com/sprites/types/Ghost.png" alt="Ghost" width="32" height="14"></span> <span style="float: left ; min-height: 26px"><span class="col abilitycol">No Ability</span><span class="col abilitycol"></span></span></li><li style="clear: both"></li></ul></div><div class="chat"><ul class="utilichart"><li class="result"><span style="float: left ; min-height: 26px"><span class="col statcol"><em>HP</em><br>80</span> <span class="col statcol"><em>Atk</em><br>100</span> <span class="col statcol"><em>Def</em><br>120</span> <span class="col statcol"><em>SpA</em><br>60</span> <span class="col statcol"><em>SpD</em><br>70</span> <span class="col statcol"><em>Spe</em><br>50</span> </span></li><li style="clear: both"></li></ul></div><div class="spacer battle-history"><br></div><div class="battle-history">Snorlax is fast asleep.<br></div><div class="spacer battle-history"><br></div><div class="battle-history">Snorlax used <strong>Sleep Talk</strong>!<br></div><div class="spacer battle-history"><br></div><div class="battle-history">Snorlax used <strong>Double-Edge</strong>!<br></div><div class="battle-history"><small>It doesn't affect the opposing Horatekku...</small><br></div><div class="spacer battle-history"><br></div><h2 class="battle-history">Turn 14</h2><div class="spacer battle-history"><br></div><div class="battle-history">Snorlax, come back!<br></div><div class="battle-history">Go! <strong>Exoltol</strong>!<br></div><div class="chat"><ul class="utilichart"><li class="result"><span class="col pokemonnamecol" style="white-space: nowrap">Exoltol</span> <span class="col typecol"><img src="https://play.pokemonshowdown.com/sprites/types/Water.png" alt="Water" width="32" height="14"><img src="https://play.pokemonshowdown.com/sprites/types/Ground.png" alt="Ground" width="32" height="14"></span> <span style="float: left ; min-height: 26px"><span class="col abilitycol">No Ability</span><span class="col abilitycol"></span></span></li><li style="clear: both"></li></ul></div><div class="chat"><ul class="utilichart"><li class="result"><span style="float: left ; min-height: 26px"><span class="col statcol"><em>HP</em><br>100</span> <span class="col statcol"><em>Atk</em><br>105</span> <span class="col statcol"><em>Def</em><br>95</span> <span class="col statcol"><em>SpA</em><br>70</span> <span class="col statcol"><em>SpD</em><br>70</span> <span class="col statcol"><em>Spe</em><br>45</span> </span></li><li style="clear: both"></li></ul></div><div class="spacer battle-history"><br></div><div class="battle-history">The opposing Horatekku used <strong>Substitute</strong>!<br></div><div class="battle-history"><small>The opposing Horatekku put in a substitute!</small><br></div><div class="battle-history"><small>(The opposing Horatekku lost 24% of its health!)</small><br></div><div class="spacer battle-history"><br></div><div class="battle-history"><small>The opposing Horatekku restored a little HP using its Leftovers!</small><br></div><div class="spacer battle-history"><br></div><h2 class="battle-history">Turn 15</h2><div class="spacer battle-history"><br></div><div class="battle-history">The opposing Horatekku used <strong>Byte Torment</strong>!<br></div><div class="battle-history"><small>(Exoltol lost 22% of its health!)</small><br></div><div class="battle-history"><small>Exoltol's Attack fell!</small><br></div><div class="spacer battle-history"><br></div><div class="battle-history">Exoltol used <strong>Earthquake</strong>!<br></div><div class="battle-history"><small>It's super effective!</small><br></div><div class="battle-history"><small>The opposing Horatekku's substitute faded!</small><br></div><div class="spacer battle-history"><br></div><div class="battle-history"><small>The opposing Horatekku restored a little HP using its Leftovers!</small><br></div><div class="battle-history"><small>Exoltol restored a little HP using its Leftovers!</small><br></div><div class="spacer battle-history"><br></div><h2 class="battle-history">Turn 16</h2><div class="spacer battle-history"><br></div><div class="battle-history">The opposing Horatekku used <strong>Protect</strong>!<br></div><div class="battle-history"><small>The opposing Horatekku protected itself!</small><br></div><div class="spacer battle-history"><br></div><div class="battle-history">Exoltol used <strong>Earthquake</strong>!<br></div><div class="battle-history"><small>The opposing Horatekku protected itself!</small><br></div><div class="spacer battle-history"><br></div><div class="battle-history"><small>The opposing Horatekku restored a little HP using its Leftovers!</small><br></div><div class="battle-history"><small>Exoltol restored a little HP using its Leftovers!</small><br></div><div class="spacer battle-history"><br></div><h2 class="battle-history">Turn 17</h2><div class="spacer battle-history"><br></div><div class="battle-history">The opposing Horatekku used <strong>Byte Torment</strong>!<br></div><div class="battle-history"><small>(Exoltol lost 23% of its health!)</small><br></div><div class="battle-history"><small>Exoltol's Attack fell!</small><br></div><div class="spacer battle-history"><br></div><div class="battle-history">Exoltol used <strong>Earthquake</strong>!<br></div><div class="battle-history"><small>It's super effective!</small><br></div><div class="battle-history"><small>(The opposing Horatekku lost 30% of its health!)</small><br></div><div class="spacer battle-history"><br></div><div class="battle-history"><small>The opposing Horatekku restored a little HP using its Leftovers!</small><br></div><div class="battle-history"><small>Exoltol restored a little HP using its Leftovers!</small><br></div><div class="spacer battle-history"><br></div><h2 class="battle-history">Turn 18</h2><div class="chat"><small>+CaoJie joined</small></div><div class="spacer battle-history"><br></div><div class="battle-history">Exoltol, come back!<br></div><div class="battle-history">Go! <strong>Terricks</strong>!<br></div><div class="spacer battle-history"><br></div><div class="battle-history">The opposing Horatekku used <strong>Byte Torment</strong>!<br></div><div class="battle-history"><small>(Terricks lost 17% of its health!)</small><br></div><div class="battle-history"><small>Terricks's Attack fell!</small><br></div><div class="spacer battle-history"><br></div><div class="battle-history"><small>Terricks restored a little HP using its Leftovers!</small><br></div><div class="battle-history"><small>The opposing Horatekku restored a little HP using its Leftovers!</small><br></div><div class="spacer battle-history"><br></div><h2 class="battle-history">Turn 19</h2><div class="spacer battle-history"><br></div><div class="battle-history">The opposing Horatekku used <strong>Protect</strong>!<br></div><div class="battle-history"><small>The opposing Horatekku protected itself!</small><br></div><div class="spacer battle-history"><br></div><div class="battle-history">Terricks used <strong>Whirlwind</strong>!<br></div><div class="battle-history"><small>The opposing Horatekku protected itself!</small><br></div><div class="spacer battle-history"><br></div><div class="battle-history"><small>Terricks restored a little HP using its Leftovers!</small><br></div><div class="battle-history"><small>The opposing Horatekku restored a little HP using its Leftovers!</small><br></div><div class="spacer battle-history"><br></div><h2 class="battle-history">Turn 20</h2><div class="spacer battle-history"><br></div><div class="battle-history">The opposing Horatekku used <strong>Byte Torment</strong>!<br></div><div class="battle-history"><small>(Terricks lost 18% of its health!)</small><br></div><div class="battle-history"><small>Terricks's Attack fell!</small><br></div><div class="spacer battle-history"><br></div><div class="battle-history">Terricks used <strong>Whirlwind</strong>!<br></div><div class="spacer battle-history"><br></div><div class="battle-history"><strong>Exoltol</strong> was dragged out!<br></div><div class="spacer battle-history"><br></div><div class="battle-history"><small>Terricks restored a little HP using its Leftovers!</small><br></div><div class="spacer battle-history"><br></div><h2 class="battle-history">Turn 21</h2><div class="spacer battle-history"><br></div><div class="battle-history">Terricks, come back!<br></div><div class="battle-history">Go! <strong>Exeggutor</strong>!<br></div><div class="spacer battle-history"><br></div><div class="battle-history">The opposing Exoltol used <strong>Surf</strong>!<br></div><div class="battle-history"><small>A critical hit!</small><br></div><div class="battle-history"><small>It's not very effective...</small><br></div><div class="battle-history"><small>(Exeggutor lost 28% of its health!)</small><br></div><div class="spacer battle-history"><br></div><div class="battle-history"><small>Exeggutor restored a little HP using its Leftovers!</small><br></div><div class="spacer battle-history"><br></div><h2 class="battle-history">Turn 22</h2><div class="spacer battle-history"><br></div><div class="battle-history">Bekama withdrew Exoltol!<br></div><div class="battle-history">Bekama sent out <strong>Bellossom</strong>!<br></div><div class="spacer battle-history"><br></div><div class="battle-history">Exeggutor used <strong>Explosion</strong>!<br></div><div class="battle-history"><small>(The opposing Bellossom lost 64% of its health!)</small><br></div><div class="spacer battle-history"><br></div><div class="battle-history">Exeggutor fainted!<br></div><div class="battle-history">The opposing Bellossom fainted!<br></div><div class="spacer battle-history"><br></div><div class="battle-history">Go! <strong>Cloyster</strong>!<br></div><div class="spacer battle-history"><br></div><div class="battle-history">Bekama sent out <strong>Horatekku</strong>!<br></div><div class="chat"><ul class="utilichart"><li class="result"><span class="col pokemonnamecol" style="white-space: nowrap">Cloyster</span> <span class="col typecol"><img src="https://play.pokemonshowdown.com/sprites/types/Water.png" alt="Water" width="32" height="14"><img src="https://play.pokemonshowdown.com/sprites/types/Ice.png" alt="Ice" width="32" height="14"></span> <span style="float: left ; min-height: 26px"><span class="col abilitycol">Shell Armor / Skill Link</span><span class="col abilitycol"></span></span></li><li style="clear: both"></li></ul></div><div class="chat"><ul class="utilichart"><li class="result"><span style="float: left ; min-height: 26px"><span class="col statcol"><em>HP</em><br>50</span> <span class="col statcol"><em>Atk</em><br>95</span> <span class="col statcol"><em>Def</em><br>180</span> <span class="col statcol"><em>SpA</em><br>85</span> <span class="col statcol"><em>SpD</em><br>45</span> <span class="col statcol"><em>Spe</em><br>70</span> </span></li><li style="clear: both"></li></ul></div><div class="spacer battle-history"><br></div><div class="battle-history"><small>The opposing Horatekku restored a little HP using its Leftovers!</small><br></div><div class="spacer battle-history"><br></div><h2 class="battle-history">Turn 23</h2><div class="spacer battle-history"><br></div><div class="battle-history">The opposing Horatekku used <strong>Protect</strong>!<br></div><div class="battle-history"><small>The opposing Horatekku protected itself!</small><br></div><div class="spacer battle-history"><br></div><div class="battle-history">Cloyster used <strong>Spikes</strong>!<br></div><div class="battle-history"><small>Spikes were scattered on the ground all around the opposing team!</small><br></div><div class="spacer battle-history"><br></div><div class="battle-history"><small>The opposing Horatekku restored a little HP using its Leftovers!</small><br></div><div class="spacer battle-history"><br></div><h2 class="battle-history">Turn 24</h2><div class="spacer battle-history"><br></div><div class="battle-history">Cloyster used <strong>Surf</strong>!<br></div><div class="battle-history"><small>(The opposing Horatekku lost 40% of its health!)</small><br></div><div class="spacer battle-history"><br></div><div class="battle-history">The opposing Horatekku used <strong>Hidden Power</strong>!<br></div><div class="battle-history"><small>It's super effective!</small><br></div><div class="battle-history"><small>(Cloyster lost 24% of its health!)</small><br></div><div class="spacer battle-history"><br></div><div class="battle-history"><small>Cloyster restored a little HP using its Leftovers!</small><br></div><div class="battle-history"><small>The opposing Horatekku restored a little HP using its Leftovers!</small><br></div><div class="spacer battle-history"><br></div><h2 class="battle-history">Turn 25</h2><div class="chat"><small>+Gekokeso joined</small></div><div class="spacer battle-history"><br></div><div class="battle-history">Bekama withdrew Horatekku!<br></div><div class="battle-history">Bekama sent out <strong>Snorlax</strong>!<br></div><div class="chat"><ul class="utilichart"><li class="result"><span class="col pokemonnamecol" style="white-space: nowrap">Snorlax</span> <span class="col typecol"><img src="https://play.pokemonshowdown.com/sprites/types/Normal.png" alt="Normal" width="32" height="14"></span> <span style="float: left ; min-height: 26px"><span class="col abilitycol">Immunity / Thick Fat</span><span class="col abilitycol"></span></span></li><li style="clear: both"></li></ul></div><div class="chat"><ul class="utilichart"><li class="result"><span style="float: left ; min-height: 26px"><span class="col statcol"><em>HP</em><br>160</span> <span class="col statcol"><em>Atk</em><br>110</span> <span class="col statcol"><em>Def</em><br>65</span> <span class="col statcol"><em>SpA</em><br>65</span> <span class="col statcol"><em>SpD</em><br>110</span> <span class="col statcol"><em>Spe</em><br>30</span> </span></li><li style="clear: both"></li></ul></div><div class="battle-history"><small>The opposing Snorlax was hurt by the spikes!</small><br></div><div class="spacer battle-history"><br></div><div class="battle-history">Cloyster used <strong>Surf</strong>!<br></div><div class="battle-history"><small>A critical hit!</small><br></div><div class="battle-history"><small>(The opposing Snorlax lost 35% of its health!)</small><br></div><div class="spacer battle-history"><br></div><div class="battle-history"><small>Cloyster restored a little HP using its Leftovers!</small><br></div><div class="battle-history"><small>The opposing Snorlax restored a little HP using its Leftovers!</small><br></div><div class="spacer battle-history"><br></div><h2 class="battle-history">Turn 26</h2><div class="spacer battle-history"><br></div><div class="battle-history">Cloyster, come back!<br></div><div class="battle-history">Go! <strong>Gengar</strong>!<br></div><div class="spacer battle-history"><br></div><div class="battle-history">The opposing Snorlax used <strong>Body Slam</strong>!<br></div><div class="battle-history"><small>It doesn't affect Gengar...</small><br></div><div class="spacer battle-history"><br></div><div class="battle-history"><small>Gengar restored a little HP using its Leftovers!</small><br></div><div class="battle-history"><small>The opposing Snorlax restored a little HP using its Leftovers!</small><br></div><div class="spacer battle-history"><br></div><h2 class="battle-history">Turn 27</h2><div class="spacer battle-history"><br></div><div class="battle-history">Bekama withdrew Snorlax!<br></div><div class="battle-history">Bekama sent out <strong>Exoltol</strong>!<br></div><div class="battle-history"><small>The opposing Exoltol was hurt by the spikes!</small><br></div><div class="spacer battle-history"><br></div><div class="battle-history">Gengar used <strong>Thunderbolt</strong>!<br></div><div class="battle-history"><small>It doesn't affect the opposing Exoltol...</small><br></div><div class="spacer battle-history"><br></div><div class="battle-history"><small>Gengar restored a little HP using its Leftovers!</small><br></div><div class="battle-history"><small>The opposing Exoltol restored a little HP using its Leftovers!</small><br></div><div class="spacer battle-history"><br></div><h2 class="battle-history">Turn 28</h2><div class="spacer battle-history"><br></div><div class="battle-history">Gengar used <strong>Explosion</strong>!<br></div><div class="battle-history"><small>(The opposing Exoltol lost 71% of its health!)</small><br></div><div class="spacer battle-history"><br></div><div class="battle-history">Gengar fainted!<br></div><div class="spacer battle-history"><br></div><div class="battle-history">Go! <strong>Cloyster</strong>!<br></div><div class="spacer battle-history"><br></div><div class="battle-history"><small>Cloyster restored a little HP using its Leftovers!</small><br></div><div class="battle-history"><small>The opposing Exoltol restored a little HP using its Leftovers!</small><br></div><div class="spacer battle-history"><br></div><h2 class="battle-history">Turn 29</h2><div class="spacer battle-history"><br></div><div class="battle-history">Cloyster used <strong>Surf</strong>!<br></div><div class="battle-history"><small>(The opposing Exoltol lost 30% of its health!)</small><br></div><div class="spacer battle-history"><br></div><div class="battle-history">The opposing Exoltol fainted!<br></div><div class="spacer battle-history"><br></div><div class="battle-history">Bekama sent out <strong>Snorlax</strong>!<br></div><div class="battle-history"><small>The opposing Snorlax was hurt by the spikes!</small><br></div><div class="spacer battle-history"><br></div><div class="battle-history"><small>Cloyster restored a little HP using its Leftovers!</small><br></div><div class="battle-history"><small>The opposing Snorlax restored a little HP using its Leftovers!</small><br></div><div class="spacer battle-history"><br></div><h2 class="battle-history">Turn 30</h2><div class="spacer battle-history"><br></div><div class="battle-history">Cloyster used <strong>Toxic</strong>!<br></div><div class="battle-history"><small>The opposing Snorlax was badly poisoned!</small><br></div><div class="spacer battle-history"><br></div><div class="battle-history">The opposing Snorlax used <strong>Body Slam</strong>!<br></div><div class="battle-history"><small>(Cloyster lost 22% of its health!)</small><br></div><div class="battle-history"><small>The opposing Snorlax was hurt by poison!</small><br></div><div class="spacer battle-history"><br></div><div class="battle-history"><small>Cloyster restored a little HP using its Leftovers!</small><br></div><div class="battle-history"><small>The opposing Snorlax restored a little HP using its Leftovers!</small><br></div><div class="spacer battle-history"><br></div><h2 class="battle-history">Turn 31</h2><div class="spacer battle-history"><br></div><div class="battle-history">Cloyster used <strong>Surf</strong>!<br></div><div class="battle-history"><small>(The opposing Snorlax lost 17% of its health!)</small><br></div><div class="spacer battle-history"><br></div><div class="battle-history">The opposing Snorlax used <strong>Curse</strong>!<br></div><div class="battle-history"><small>The opposing Snorlax's Speed fell!</small><br></div><div class="battle-history"><small>The opposing Snorlax's Attack rose!</small><br></div><div class="battle-history"><small>The opposing Snorlax's Defense rose!</small><br></div><div class="battle-history"><small>The opposing Snorlax was hurt by poison!</small><br></div><div class="spacer battle-history"><br></div><div class="battle-history"><small>Cloyster restored a little HP using its Leftovers!</small><br></div><div class="battle-history"><small>The opposing Snorlax restored a little HP using its Leftovers!</small><br></div><div class="spacer battle-history"><br></div><h2 class="battle-history">Turn 32</h2><div class="spacer battle-history"><br></div><div class="battle-history">Cloyster used <strong>Explosion</strong>!<br></div><div class="battle-history"><small>(The opposing Snorlax lost 35% of its health!)</small><br></div><div class="spacer battle-history"><br></div><div class="battle-history">Cloyster fainted!<br></div><div class="battle-history">The opposing Snorlax fainted!<br></div><div class="spacer battle-history"><br></div><div class="battle-history">Go! <strong>Terricks</strong>!<br></div><div class="spacer battle-history"><br></div><div class="battle-history">Bekama sent out <strong>Horatekku</strong>!<br></div><div class="battle-history"><small>The opposing Horatekku was hurt by the spikes!</small><br></div><div class="spacer battle-history"><br></div><div class="battle-history"><small>Terricks restored a little HP using its Leftovers!</small><br></div><div class="battle-history"><small>The opposing Horatekku restored a little HP using its Leftovers!</small><br></div><div class="spacer battle-history"><br></div><h2 class="battle-history">Turn 33</h2><div class="spacer battle-history"><br></div><div class="battle-history">The opposing Horatekku used <strong>Protect</strong>!<br></div><div class="battle-history"><small>The opposing Horatekku protected itself!</small><br></div><div class="spacer battle-history"><br></div><div class="battle-history">Terricks used <strong>Earthquake</strong>!<br></div><div class="battle-history"><small>The opposing Horatekku protected itself!</small><br></div><div class="spacer battle-history"><br></div><div class="battle-history"><small>Terricks restored a little HP using its Leftovers!</small><br></div><div class="battle-history"><small>The opposing Horatekku restored a little HP using its Leftovers!</small><br></div><div class="spacer battle-history"><br></div><h2 class="battle-history">Turn 34</h2><div class="chat"><small>+Gekokeso left</small></div><div class="spacer battle-history"><br></div><div class="battle-history">Terricks used <strong>Earthquake</strong>!<br></div><div class="battle-history"><small>A critical hit!</small><br></div><div class="battle-history"><small>It's super effective!</small><br></div><div class="battle-history"><small>(The opposing Horatekku lost 61% of its health!)</small><br></div><div class="spacer battle-history"><br></div><div class="battle-history">The opposing Horatekku fainted!<br></div><div class="spacer battle-history"><br></div><div class="battle-history">Bekama sent out <strong>Houndoom</strong>!<br></div><div class="battle-history"><small>The opposing Houndoom was hurt by the spikes!</small><br></div><div class="spacer battle-history"><br></div><div class="battle-history"><small>The opposing Houndoom restored a little HP using its Leftovers!</small><br></div><div class="battle-history"><small>Terricks restored a little HP using its Leftovers!</small><br></div><div class="spacer battle-history"><br></div><h2 class="battle-history">Turn 35</h2><div class="chat chatmessage-bekama"><strong style="color:#ac8416"><small>☆</small><span class="username" data-name="Bekama">Bekama</span>:</strong> <em>gg</em></div><div class="chat chatmessage-spellcaster"><strong style="color:#899b41"><small>☆</small><span class="username" data-name="spellcaster">spellcaster</span>:</strong> <em>gg</em></div><div class="spacer battle-history"><br></div><div class="battle-history">The opposing Houndoom used <strong>Crunch</strong>!<br></div><div class="battle-history"><small>(Terricks lost 42% of its health!)</small><br></div><div class="spacer battle-history"><br></div><div class="battle-history">Terricks used <strong>Earthquake</strong>!<br></div><div class="battle-history"><small>It's super effective!</small><br></div><div class="battle-history"><small>(The opposing Houndoom lost 69% of its health!)</small><br></div><div class="spacer battle-history"><br></div><div class="battle-history">The opposing Houndoom fainted!<br></div><div class="spacer battle-history"><br></div><div class="battle-history"><strong>spellcaster</strong> won the battle!<br></div></div><div class="inner-preempt message-log"></div></div></div>
</div>
<script>
let daily = Math.floor(Date.now()/1000/60/60/24);document.write('<script src="https://dragonheaven.herokuapp.com/js/replay-embed.js?version'+daily+'"></'+'script>');
</script>
