<!DOCTYPE html>
<meta charset="utf-8" />
<!-- version 1 -->
<title>[Gen 8] M4A OU Natdex replay: Lasen vs. crying</title>
<style>
html,body {font-family:Verdana, sans-serif;font-size:10pt;margin:0;padding:0;}body{padding:12px 0;} .battle-log {font-family:Verdana, sans-serif;font-size:10pt;} .battle-log-inline {border:1px solid #AAAAAA;background:#EEF2F5;color:black;max-width:640px;margin:0 auto 80px;padding-bottom:5px;} .battle-log .inner {padding:4px 8px 0px 8px;} .battle-log .inner-preempt {padding:0 8px 4px 8px;} .battle-log .inner-after {margin-top:0.5em;} .battle-log h2 {margin:0.5em -8px;padding:4px 8px;border:1px solid #AAAAAA;background:#E0E7EA;border-left:0;border-right:0;font-family:Verdana, sans-serif;font-size:13pt;} .battle-log .chat {vertical-align:middle;padding:3px 0 3px 0;font-size:8pt;} .battle-log .chat strong {color:#40576A;} .battle-log .chat em {padding:1px 4px 1px 3px;color:#000000;font-style:normal;} .chat.mine {background:rgba(0,0,0,0.05);margin-left:-8px;margin-right:-8px;padding-left:8px;padding-right:8px;} .spoiler {color:#BBBBBB;background:#BBBBBB;padding:0px 3px;} .spoiler:hover, .spoiler:active, .spoiler-shown {color:#000000;background:#E2E2E2;padding:0px 3px;} .spoiler a {color:#BBBBBB;} .spoiler:hover a, .spoiler:active a, .spoiler-shown a {color:#2288CC;} .chat code, .chat .spoiler:hover code, .chat .spoiler:active code, .chat .spoiler-shown code {border:1px solid #C0C0C0;background:#EEEEEE;color:black;padding:0 2px;} .chat .spoiler code {border:1px solid #CCCCCC;background:#CCCCCC;color:#CCCCCC;} .battle-log .rated {padding:3px 4px;} .battle-log .rated strong {color:white;background:#89A;padding:1px 4px;border-radius:4px;} .spacer {margin-top:0.5em;} .message-announce {background:#6688AA;color:white;padding:1px 4px 2px;} .message-announce a, .broadcast-green a, .broadcast-blue a, .broadcast-red a {color:#DDEEFF;} .broadcast-green {background-color:#559955;color:white;padding:2px 4px;} .broadcast-blue {background-color:#6688AA;color:white;padding:2px 4px;} .infobox {border:1px solid #6688AA;padding:2px 4px;} .infobox-limited {max-height:200px;overflow:auto;overflow-x:hidden;} .broadcast-red {background-color:#AA5544;color:white;padding:2px 4px;} .message-learn-canlearn {font-weight:bold;color:#228822;text-decoration:underline;} .message-learn-cannotlearn {font-weight:bold;color:#CC2222;text-decoration:underline;} .message-effect-weak {font-weight:bold;color:#CC2222;} .message-effect-resist {font-weight:bold;color:#6688AA;} .message-effect-immune {font-weight:bold;color:#666666;} .message-learn-list {margin-top:0;margin-bottom:0;} .message-throttle-notice, .message-error {color:#992222;} .message-overflow, .chat small.message-overflow {font-size:0pt;} .message-overflow::before {font-size:9pt;content:'...';} .subtle {color:#3A4A66;}
</style>
<div class="wrapper replay-wrapper" style="max-width:1180px;margin:0 auto">
<input type="hidden" name="replayid" value="dragonheaven-gen8m4aounatdex-29" />
<div class="battle"></div><div class="battle-log"></div><div class="replay-controls"></div><div class="replay-controls-2"></div>
<h1 style="font-weight:normal;text-align:center"><strong>[Gen 8] M4A OU Natdex</strong><br /><a href="http://pokemonshowdown.com/users/lasen" class="subtle" target="_blank">Lasen</a> vs. <a href="http://pokemonshowdown.com/users/crying" class="subtle" target="_blank">crying</a></h1>
<script type="text/plain" class="battle-log-data">|j|☆Lasen
|j|☆crying
|t:|1685914581
|player|p1|Lasen|265|
|player|p2|crying|266|
|teamsize|p1|6
|teamsize|p2|6
|gametype|singles
|gen|8
|tier|[Gen 8] M4A OU Natdex
|clearpoke
|poke|p1|Lurantis, M|
|poke|p1|Weavile, F|
|poke|p1|Landorus-Therian, M|
|poke|p1|Rotom-Wash|
|poke|p1|Corviknight, F|
|poke|p1|Blacephalon|
|poke|p2|Pelipper, M|
|poke|p2|Swampert, F|
|poke|p2|Greninja, M|
|poke|p2|Manaphy|
|poke|p2|Zapdos|
|poke|p2|Ferrothorn, M|
|rule|HP Percentage Mod: HP is shown in percentages
|rule|Endless Battle Clause: Forcing endless battles is banned
|rule|OHKO Clause: OHKO moves are banned
|rule|Evasion Moves Clause: Evasion moves are banned
|rule|Species Clause: Limit one of each Pokémon
|rule|Dynamax Clause: You cannot dynamax
|rule|Sleep Clause Mod: Limit one foe put to sleep
|rule|Freeze Clause Mod: Limit one foe frozen
|raw|<img src="https:\/\/raw.githubusercontent.com\/scoopapa\/DH\/master\/data\/mods\/m4av6\/sprites\/m4a_banner.png" height="65" width="381">
|-message|Welcome to Megas for All!
|-message|This is a National Dex-based format where we aim to give a new Mega Evolution to every Pokémon.
|-message|Just like any official format, you can still only Mega Evolve one Pokémon per team!
|-message|You can find our thread and metagame resources here:
|-message|https:\/\/www.smogon.com\/forums\/threads\/3671140\/
|teampreview
|c|☆Lasen|hf
|c|☆crying|hf
|
|t:|1685914655
|start
|switch|p1a: Rotom|Rotom-Wash|100\/100
|switch|p2a: Pelipper|Pelipper, M|100\/100
|-weather|RainDance|[from] ability: Drizzle|[of] p2a: Pelipper
|turn|1
|j|+Bekama
|c|☆Lasen|despite what minisprites say
|c|☆Lasen|I am not actually loading lucario
|inactive|Battle timer is ON: inactive players will automatically lose when time's up. (requested by Lasen)
|
|t:|1685914693
|switch|p2a: Zapdos|Zapdos|100\/100
|move|p1a: Rotom|Volt Switch|p2a: Zapdos
|-damage|p2a: Zapdos|77\/100
|c|☆Lasen|timer on because of y'know
|c|☆Lasen|it being a wincon
|c|☆Lasen|XD
|
|t:|1685914710
|switch|p1a: Weavile|Weavile, F|100\/100|[from]move: Volt Switch
|-ability|p1a: Weavile|Pressure
|
|-weather|RainDance|[upkeep]
|upkeep
|turn|2
|inactive|crying has 270 seconds left.
|
|t:|1685914741
|switch|p2a: Manaphy|Manaphy|100\/100
|move|p1a: Weavile|Triple Axel|p2a: Manaphy
|-resisted|p2a: Manaphy
|-damage|p2a: Manaphy|94\/100
|-resisted|p2a: Manaphy
|-damage|p2a: Manaphy|79\/100
|-resisted|p2a: Manaphy
|-damage|p2a: Manaphy|59\/100
|-hitcount|p2a: Manaphy|3
|
|-weather|RainDance|[upkeep]
|upkeep
|turn|3
|inactive|crying has 270 seconds left.
|inactive|Lasen has 270 seconds left.
|j|+Sticky Fingaa
|c|+Sticky Fingaa|gl both
|inactive|Lasen has 240 seconds left.
|inactive|Lasen has 210 seconds left.
|
|t:|1685914842
|switch|p1a: Lurantis|Lurantis, M|100\/100
|-zpower|p2a: Manaphy
|move|p2a: Manaphy|Hydro Vortex|p1a: Lurantis|[zeffect]
|-resisted|p1a: Lurantis
|-damage|p1a: Lurantis|36\/100
|
|-weather|RainDance|[upkeep]
|upkeep
|turn|4
|inactive|crying has 240 seconds left.
|
|t:|1685914869
|switch|p2a: Ferrothorn|Ferrothorn, M|100\/100
|switch|p1a: Blacephalon|Blacephalon|100\/100
|
|-weather|RainDance|[upkeep]
|upkeep
|turn|5
|
|t:|1685914876
|switch|p2a: Greninja|Greninja, M|100\/100
|move|p1a: Blacephalon|Overheat|p2a: Greninja
|-resisted|p2a: Greninja
|-damage|p2a: Greninja|68\/100
|-unboost|p1a: Blacephalon|spa|2
|
|-weather|RainDance|[upkeep]
|upkeep
|turn|6
|inactive|crying has 240 seconds left.
|inactive|Lasen has 210 seconds left.
|
|t:|1685914892
|switch|p1a: Rotom|Rotom-Wash|100\/100
|move|p2a: Greninja|Surf|p1a: Rotom
|-resisted|p1a: Rotom
|-damage|p1a: Rotom|52\/100
|
|-weather|RainDance|[upkeep]
|-heal|p1a: Rotom|58\/100|[from] item: Leftovers
|upkeep
|turn|7
|
|t:|1685914902
|switch|p2a: Swampert|Swampert, F|100\/100
|move|p1a: Rotom|Pain Split|p2a: Swampert
|-sethp|p2a: Swampert|76\/100|[from] move: Pain Split|[silent]
|-sethp|p1a: Rotom|85\/100|[from] move: Pain Split
|
|-weather|RainDance|[upkeep]
|-heal|p1a: Rotom|92\/100|[from] item: Leftovers
|upkeep
|turn|8
|
|t:|1685914914
|switch|p1a: Corviknight|Corviknight, F|100\/100
|-ability|p1a: Corviknight|Pressure
|detailschange|p2a: Swampert|Swampert-Mega, F
|-mega|p2a: Swampert|Swampert|Swampertite
|-start|p2a: Swampert|typechange|Water\/Ground|[silent]
|raw|<ul class="utilichart"><li class="result"><span class="col pokemonnamecol" style="white-space: nowrap">Swampert-Mega<\/span> <span class="col typecol"><img src="http:\/\/play.pokemonshowdown.com\/sprites\/types\/Water.png" alt="Water" height="14" width="32"><img src="http:\/\/play.pokemonshowdown.com\/sprites\/types\/Ground.png" alt="Ground" height="14" width="32"><\/span> <span style="float: left ; min-height: 26px"><span class="col abilitycol">Swift Swim<\/span><span class="col abilitycol"><\/span><\/span><\/li><li style="clear: both"><\/li><\/ul>
|raw|<ul class="utilichart"><li class="result"><span style="float: left ; min-height: 26px"><span class="col statcol"><em>HP<\/em><br>100<\/span> <span class="col statcol"><em>Atk<\/em><br>150<\/span> <span class="col statcol"><em>Def<\/em><br>110<\/span> <span class="col statcol"><em>SpA<\/em><br>95<\/span> <span class="col statcol"><em>SpD<\/em><br>110<\/span> <span class="col statcol"><em>Spe<\/em><br>70<\/span> <\/span><\/li><li style="clear: both"><\/li><\/ul>
|move|p2a: Swampert|Substitute|p2a: Swampert
|-start|p2a: Swampert|Substitute
|-damage|p2a: Swampert|51\/100
|
|-weather|none
|upkeep
|turn|9
|
|t:|1685914921
|move|p2a: Swampert|Waterfall|p1a: Corviknight
|-damage|p1a: Corviknight|71\/100
|move|p1a: Corviknight|U-turn|p2a: Swampert
|-activate|p2a: Swampert|move: Substitute|[damage]
|inactive|Lasen has 210 seconds left.
|
|t:|1685914956
|switch|p1a: Rotom|Rotom-Wash|92\/100|[from]move: U-turn
|
|-heal|p1a: Rotom|98\/100|[from] item: Leftovers
|upkeep
|turn|10
|
|t:|1685914959
|move|p2a: Swampert|Waterfall|p1a: Rotom
|-resisted|p1a: Rotom
|-damage|p1a: Rotom|78\/100
|move|p1a: Rotom|Hydro Pump|p2a: Swampert
|-end|p2a: Swampert|Substitute
|
|-heal|p1a: Rotom|84\/100|[from] item: Leftovers
|upkeep
|turn|11
|
|t:|1685914976
|switch|p2a: Ferrothorn|Ferrothorn, M|100\/100
|move|p1a: Rotom|Volt Switch|p2a: Ferrothorn
|-resisted|p2a: Ferrothorn
|-damage|p2a: Ferrothorn|93\/100
|-enditem|p2a: Ferrothorn|Eject Button
|
|t:|1685914979
|switch|p2a: Pelipper|Pelipper, M|100\/100
|-weather|RainDance|[from] ability: Drizzle|[of] p2a: Pelipper
|
|-weather|RainDance|[upkeep]
|-heal|p1a: Rotom|91\/100|[from] item: Leftovers
|upkeep
|turn|12
|
|t:|1685914993
|switch|p2a: Ferrothorn|Ferrothorn, M|93\/100
|move|p1a: Rotom|Volt Switch|p2a: Ferrothorn
|-resisted|p2a: Ferrothorn
|-damage|p2a: Ferrothorn|85\/100
|inactive|Lasen has 210 seconds left.
|
|t:|1685915028
|switch|p1a: Blacephalon|Blacephalon|100\/100|[from]move: Volt Switch
|
|-weather|RainDance|[upkeep]
|upkeep
|turn|13
|inactive|crying has 240 seconds left.
|j|+CaoJie
|inactive|crying has 210 seconds left.
|inactive|crying has 180 seconds left.
|
|t:|1685915114
|switch|p1a: Weavile|Weavile, F|100\/100
|-ability|p1a: Weavile|Pressure
|switch|p2a: Swampert|Swampert-Mega, F|51\/100
|-start|p2a: Swampert|typechange|Water\/Ground|[silent]
|
|-weather|RainDance|[upkeep]
|upkeep
|turn|14
|inactive|crying has 180 seconds left.
|
|t:|1685915131
|switch|p2a: Ferrothorn|Ferrothorn, M|85\/100
|switch|p1a: Landorus|Landorus-Therian, M|100\/100
|-ability|p1a: Landorus|Intimidate|boost
|-unboost|p2a: Ferrothorn|atk|1
|
|-weather|RainDance|[upkeep]
|upkeep
|turn|15
|inactive|crying has 180 seconds left.
|
|t:|1685915138
|move|p1a: Landorus|Stealth Rock|p2a: Ferrothorn
|-sidestart|p2: crying|move: Stealth Rock
|move|p2a: Ferrothorn|Stealth Rock|p1a: Landorus
|-sidestart|p1: Lasen|move: Stealth Rock
|
|-weather|RainDance|[upkeep]
|upkeep
|turn|16
|
|t:|1685915142
|move|p1a: Landorus|Earthquake|p2a: Ferrothorn
|-damage|p2a: Ferrothorn|46\/100
|move|p2a: Ferrothorn|Leech Seed|p1a: Landorus
|-start|p1a: Landorus|move: Leech Seed
|
|-weather|RainDance|[upkeep]
|-damage|p1a: Landorus|88\/100|[from] Leech Seed|[of] p2a: Ferrothorn
|-heal|p2a: Ferrothorn|60\/100|[silent]
|upkeep
|turn|17
|
|t:|1685915149
|move|p1a: Landorus|Earthquake|p2a: Ferrothorn
|-crit|p2a: Ferrothorn
|-damage|p2a: Ferrothorn|6\/100
|move|p2a: Ferrothorn|Thunder Wave|p1a: Landorus
|-immune|p1a: Landorus
|
|-weather|RainDance|[upkeep]
|-damage|p1a: Landorus|76\/100|[from] Leech Seed|[of] p2a: Ferrothorn
|-heal|p2a: Ferrothorn|19\/100|[silent]
|upkeep
|turn|18
|
|t:|1685915158
|switch|p2a: Zapdos|Zapdos|77\/100
|-zpower|p1a: Landorus
|move|p1a: Landorus|Supersonic Skystrike|p2a: Zapdos|[zeffect]
|-resisted|p2a: Zapdos
|-damage|p2a: Zapdos|33\/100
|
|-weather|none
|-damage|p1a: Landorus|64\/100|[from] Leech Seed|[of] p2a: Zapdos
|-heal|p2a: Zapdos|45\/100|[silent]
|upkeep
|turn|19
|
|t:|1685915166
|move|p2a: Zapdos|Hurricane|p1a: Landorus
|-damage|p1a: Landorus|8\/100
|move|p1a: Landorus|U-turn|p2a: Zapdos
|-resisted|p2a: Zapdos
|-damage|p2a: Zapdos|33\/100
|
|t:|1685915177
|switch|p1a: Blacephalon|Blacephalon|100\/100|[from]move: U-turn
|-damage|p1a: Blacephalon|76\/100|[from] Stealth Rock
|
|upkeep
|turn|20
|inactive|crying has 210 seconds left.
|
|t:|1685915197
|switch|p2a: Ferrothorn|Ferrothorn, M|19\/100
|-damage|p2a: Ferrothorn|13\/100|[from] Stealth Rock
|move|p1a: Blacephalon|Shadow Ball|p2a: Ferrothorn
|-damage|p2a: Ferrothorn|0 fnt
|faint|p2a: Ferrothorn
|-ability|p1a: Blacephalon|Beast Boost|boost
|-boost|p1a: Blacephalon|spa|1
|
|upkeep
|
|t:|1685915200
|switch|p2a: Greninja|Greninja, M|68\/100
|-damage|p2a: Greninja|56\/100|[from] Stealth Rock
|turn|21
|inactive|crying has 210 seconds left.
|
|t:|1685915215
|move|p1a: Blacephalon|Shadow Ball|p2a: Greninja
|-resisted|p2a: Greninja
|-damage|p2a: Greninja|2\/100
|move|p2a: Greninja|Dark Pulse|p1a: Blacephalon
|-supereffective|p1a: Blacephalon
|-damage|p1a: Blacephalon|0 fnt
|faint|p1a: Blacephalon
|-activate|p2a: Greninja|ability: Battle Bond
|detailschange|p2a: Greninja|Greninja-Ash, M
|
|upkeep
|
|t:|1685915223
|switch|p1a: Lurantis|Lurantis, M|36\/100
|-damage|p1a: Lurantis|24\/100|[from] Stealth Rock
|turn|22
|inactive|crying has 210 seconds left.
|inactive|crying has 180 seconds left.
|
|t:|1685915288
|detailschange|p1a: Lurantis|Lurantis-Mega, M
|-mega|p1a: Lurantis|Lurantis|Lurantisite
|-start|p1a: Lurantis|typechange|Grass\/Fairy|[silent]
|raw|<ul class="utilichart"><li class="result"><span class="col pokemonnamecol" style="white-space: nowrap">Lurantis-Mega<\/span> <span class="col typecol"><img src="http:\/\/play.pokemonshowdown.com\/sprites\/types\/Grass.png" alt="Grass" height="14" width="32"><img src="http:\/\/play.pokemonshowdown.com\/sprites\/types\/Fairy.png" alt="Fairy" height="14" width="32"><\/span> <span style="float: left ; min-height: 26px"><span class="col abilitycol">Elegance<\/span><span class="col abilitycol"><\/span><\/span><\/li><li style="clear: both"><\/li><\/ul>
|raw|<ul class="utilichart"><li class="result"><span style="float: left ; min-height: 26px"><span class="col statcol"><em>HP<\/em><br>70<\/span> <span class="col statcol"><em>Atk<\/em><br>125<\/span> <span class="col statcol"><em>Def<\/em><br>110<\/span> <span class="col statcol"><em>SpA<\/em><br>100<\/span> <span class="col statcol"><em>SpD<\/em><br>110<\/span> <span class="col statcol"><em>Spe<\/em><br>65<\/span> <\/span><\/li><li style="clear: both"><\/li><\/ul>
|-hint|Lurantis-Mega was submitted by BitBitio!
|move|p2a: Greninja|Dark Pulse|p1a: Lurantis
|-resisted|p1a: Lurantis
|-damage|p1a: Lurantis|0 fnt
|faint|p1a: Lurantis
|
|upkeep
|
|t:|1685915300
|switch|p1a: Weavile|Weavile, F|100\/100
|-damage|p1a: Weavile|76\/100|[from] Stealth Rock
|-ability|p1a: Weavile|Pressure
|turn|23
|
|t:|1685915313
|move|p2a: Greninja|Dark Pulse|p1a: Weavile
|-resisted|p1a: Weavile
|-damage|p1a: Weavile|30\/100
|move|p1a: Weavile|Pursuit|p2a: Greninja
|-resisted|p2a: Greninja
|-damage|p2a: Greninja|0 fnt
|faint|p2a: Greninja
|
|upkeep
|inactive|crying has 150 seconds left.
|inactive|crying has 120 seconds left.
|inactive|crying has 90 seconds left.
|
|t:|1685915395
|switch|p2a: Pelipper|Pelipper, M|100\/100
|-damage|p2a: Pelipper|75\/100|[from] Stealth Rock
|-weather|RainDance|[from] ability: Drizzle|[of] p2a: Pelipper
|turn|24
|inactive|Lasen has 270 seconds left.
|inactive|crying has 90 seconds left.
|j| Visser tom
|inactive|Lasen has 240 seconds left.
|inactive|crying has 60 seconds left.
|
|t:|1685915456
|switch|p1a: Landorus|Landorus-Therian, M|8\/100
|-damage|p1a: Landorus|0 fnt|[from] Stealth Rock
|faint|p1a: Landorus
|move|p2a: Pelipper|Roost|p2a: Pelipper
|-heal|p2a: Pelipper|100\/100
|-singleturn|p2a: Pelipper|move: Roost
|
|-weather|RainDance|[upkeep]
|upkeep
|
|t:|1685915459
|switch|p1a: Rotom|Rotom-Wash|91\/100
|-damage|p1a: Rotom|78\/100|[from] Stealth Rock
|turn|25
|
|t:|1685915473
|switch|p2a: Swampert|Swampert-Mega, F|51\/100
|-start|p2a: Swampert|typechange|Water\/Ground|[silent]
|-damage|p2a: Swampert|45\/100|[from] Stealth Rock
|move|p1a: Rotom|Volt Switch|p2a: Swampert
|-immune|p2a: Swampert
|
|-weather|RainDance|[upkeep]
|-heal|p1a: Rotom|84\/100|[from] item: Leftovers
|upkeep
|turn|26
|inactive|crying has 30 seconds left.
|inactive|crying has 20 seconds left.
|
|t:|1685915510
|move|p2a: Swampert|Waterfall|p1a: Rotom
|-resisted|p1a: Rotom
|-damage|p1a: Rotom|55\/100
|move|p1a: Rotom|Hydro Pump|p2a: Swampert|[miss]
|-miss|p1a: Rotom|p2a: Swampert
|
|-weather|RainDance|[upkeep]
|-heal|p1a: Rotom|61\/100|[from] item: Leftovers
|upkeep
|turn|27
|inactive|crying has 30 seconds left this turn.
|inactive|Lasen has 240 seconds left.
|
|t:|1685915522
|move|p2a: Swampert|Waterfall|p1a: Rotom
|-resisted|p1a: Rotom
|-damage|p1a: Rotom|32\/100
|move|p1a: Rotom|Hydro Pump|p2a: Swampert
|-damage|p2a: Swampert|0 fnt
|faint|p2a: Swampert
|
|-weather|RainDance|[upkeep]
|-heal|p1a: Rotom|39\/100|[from] item: Leftovers
|upkeep
|inactive|crying has 30 seconds left.
|
|t:|1685915534
|switch|p2a: Zapdos|Zapdos|33\/100
|turn|28
|inactive|crying has 30 seconds left.
|
|t:|1685915540
|switch|p1a: Corviknight|Corviknight, F|71\/100
|-damage|p1a: Corviknight|58\/100|[from] Stealth Rock
|-ability|p1a: Corviknight|Pressure
|move|p2a: Zapdos|Thunder|p1a: Corviknight
|-supereffective|p1a: Corviknight
|-damage|p1a: Corviknight|0 fnt
|faint|p1a: Corviknight
|
|-weather|RainDance|[upkeep]
|upkeep
|
|t:|1685915543
|switch|p1a: Weavile|Weavile, F|30\/100
|-damage|p1a: Weavile|5\/100|[from] Stealth Rock
|-ability|p1a: Weavile|Pressure
|turn|29
|inactive|crying has 30 seconds left.
|inactive|crying has 20 seconds left.
|inactive|crying has 15 seconds left.
|
|t:|1685915574
|move|p1a: Weavile|Triple Axel|p2a: Zapdos
|-supereffective|p2a: Zapdos
|-damage|p2a: Zapdos|5\/100
|-supereffective|p2a: Zapdos
|-damage|p2a: Zapdos|0 fnt
|-hitcount|p2a: Zapdos|2
|faint|p2a: Zapdos
|
|-weather|RainDance|[upkeep]
|upkeep
|inactive|crying has 20 seconds left this turn.
|inactive|crying has 15 seconds left.
|
|t:|1685915580
|switch|p2a: Pelipper|Pelipper, M|100\/100
|-damage|p2a: Pelipper|75\/100|[from] Stealth Rock
|turn|30
|inactive|crying has 25 seconds left this turn.
|inactive|crying has 20 seconds left.
|
|t:|1685915586
|move|p1a: Weavile|Triple Axel|p2a: Pelipper
|-damage|p2a: Pelipper|63\/100
|-damage|p2a: Pelipper|40\/100
|-damage|p2a: Pelipper|8\/100
|-hitcount|p2a: Pelipper|3
|move|p2a: Pelipper|U-turn|p1a: Weavile
|-supereffective|p1a: Weavile
|-damage|p1a: Weavile|0 fnt
|faint|p1a: Weavile
|inactive|crying has 25 seconds left this turn.
|
|t:|1685915588
|switch|p2a: Manaphy|Manaphy|59\/100|[from]move: U-turn
|-damage|p2a: Manaphy|47\/100|[from] Stealth Rock
|
|-weather|RainDance|[upkeep]
|upkeep
|inactive|crying has 30 seconds left this turn.
|
|t:|1685915591
|switch|p1a: Rotom|Rotom-Wash|39\/100
|-damage|p1a: Rotom|26\/100|[from] Stealth Rock
|turn|31
|
|t:|1685915593
|move|p2a: Manaphy|Energy Ball|p1a: Rotom
|-supereffective|p1a: Rotom
|-damage|p1a: Rotom|0 fnt
|faint|p1a: Rotom
|
|win|crying
|c|☆Lasen|gg
|c|☆crying|gg
|l|☆Lasen
|l| Visser tom
|l|+CaoJie
</script>
</div>
<div class="battle-log battle-log-inline"><div class="inner"><div class="battle-options"></div><div class="inner message-log"><div class="chat"><small>☆Lasen and ☆crying joined</small></div><div class=""><small>Format:</small> <br><strong>[Gen 8] M4A OU Natdex</strong></div><div class=""><small><em>HP Percentage Mod:</em> HP is shown in percentages</small></div><div class=""><small><em>Endless Battle Clause:</em> Forcing endless battles is banned</small></div><div class=""><small><em>OHKO Clause:</em> OHKO moves are banned</small></div><div class=""><small><em>Evasion Moves Clause:</em> Evasion moves are banned</small></div><div class=""><small><em>Species Clause:</em> Limit one of each Pokémon</small></div><div class=""><small><em>Dynamax Clause:</em> You cannot dynamax</small></div><div class=""><small><em>Sleep Clause Mod:</em> Limit one foe put to sleep</small></div><div class=""><small><em>Freeze Clause Mod:</em> Limit one foe frozen</small></div><div class="chat"><img src="https://raw.githubusercontent.com/scoopapa/DH/master/data/mods/m4av6/sprites/m4a_banner.png" width="381" height="65"></div><div class="spacer battle-history"><br></div><div class="battle-history"><small>Welcome to Megas for All!</small><br></div><div class="battle-history"><small>This is a National Dex-based format where we aim to give a new Mega Evolution to every Pokémon.</small><br></div><div class="battle-history"><small>Just like any official format, you can still only Mega Evolve one Pokémon per team!</small><br></div><div class="battle-history"><small>You can find our thread and metagame resources here:</small><br></div><div class="battle-history"><small>https://www.smogon.com/forums/threads/3671140/</small><br></div><div class="chat battle-history"><strong>Lasen's team:</strong> <em style="color:#445566;display:block;">Lurantis / Weavile / Landorus-Therian / Rotom-Wash / Corviknight / Blacephalon</em></div><div class="chat battle-history"><strong>crying's team:</strong> <em style="color:#445566;display:block;">Pelipper / Swampert / Greninja / Manaphy / Zapdos / Ferrothorn</em></div><div class="chat chatmessage-lasen"><strong style="color:#92912f"><small>☆</small><span class="username" data-name="Lasen">Lasen</span>:</strong> <em>hf</em></div><div class="chat chatmessage-crying"><strong style="color:#c92c0d"><small>☆</small><span class="username" data-name="crying">crying</span>:</strong> <em>hf</em></div><div class="spacer battle-history"><br></div><div class="battle-history">Battle started between Lasen and crying!<br></div><div class="spacer battle-history"><br></div><div class="battle-history">Go! Rotom (<strong>Rotom-Wash</strong>)!<br></div><div class="spacer battle-history"><br></div><div class="battle-history">crying sent out <strong>Pelipper</strong>!<br></div><div class="battle-history">[The opposing Pelipper's Drizzle]<br><small>It started to rain!</small><br></div><div class="spacer battle-history"><br></div><h2 class="battle-history">Turn 1</h2><div class="chat"><small>+Bekama joined</small></div><div class="chat chatmessage-lasen"><strong style="color:#92912f"><small>☆</small><span class="username" data-name="Lasen">Lasen</span>:</strong> <em>despite what minisprites say</em></div><div class="chat chatmessage-lasen"><strong style="color:#92912f"><small>☆</small><span class="username" data-name="Lasen">Lasen</span>:</strong> <em>I am not actually loading lucario</em></div><div class="chat message-error">Battle timer is ON: inactive players will automatically lose when time's up. (requested by Lasen)</div><div class="spacer battle-history"><br></div><div class="battle-history">crying withdrew Pelipper!<br></div><div class="battle-history">crying sent out <strong>Zapdos</strong>!<br></div><div class="spacer battle-history"><br></div><div class="battle-history">Rotom used <strong>Volt Switch</strong>!<br></div><div class="battle-history"><small>(The opposing Zapdos lost 23% of its health!)</small><br></div><div class="chat chatmessage-lasen"><strong style="color:#92912f"><small>☆</small><span class="username" data-name="Lasen">Lasen</span>:</strong> <em>timer on because of y'know</em></div><div class="chat chatmessage-lasen"><strong style="color:#92912f"><small>☆</small><span class="username" data-name="Lasen">Lasen</span>:</strong> <em>it being a wincon</em></div><div class="chat chatmessage-lasen"><strong style="color:#92912f"><small>☆</small><span class="username" data-name="Lasen">Lasen</span>:</strong> <em>XD</em></div><div class="spacer battle-history"><br></div><div class="battle-history">Rotom went back to Lasen!<br></div><div class="battle-history">Go! <strong>Weavile</strong>!<br></div><div class="battle-history">[Weavile's Pressure]<br><small>Weavile is exerting its pressure!</small><br></div><div class="spacer battle-history"><br></div><div class="battle-history"><small>(Rain continues to fall.)</small><br></div><div class="spacer battle-history"><br></div><h2 class="battle-history">Turn 2</h2><div class="chat message-error">crying has 270 seconds left.</div><div class="spacer battle-history"><br></div><div class="battle-history">crying withdrew Zapdos!<br></div><div class="battle-history">crying sent out <strong>Manaphy</strong>!<br></div><div class="spacer battle-history"><br></div><div class="battle-history">Weavile used <strong>Triple Axel</strong>!<br></div><div class="battle-history"><small>It's not very effective...</small><br></div><div class="battle-history"><small>(The opposing Manaphy lost 6% of its health!)</small><br></div><div class="battle-history"><small>It's not very effective...</small><br></div><div class="battle-history"><small>(The opposing Manaphy lost 15% of its health!)</small><br></div><div class="battle-history"><small>It's not very effective...</small><br></div><div class="battle-history"><small>(The opposing Manaphy lost 20% of its health!)</small><br></div><div class="battle-history"><small>The Pokémon was hit 3 times!</small><br></div><div class="spacer battle-history"><br></div><div class="battle-history"><small>(Rain continues to fall.)</small><br></div><div class="spacer battle-history"><br></div><h2 class="battle-history">Turn 3</h2><div class="chat message-error">crying has 270 seconds left.</div><div class="chat message-error">Lasen has 270 seconds left.</div><div class="chat"><small>+Sticky Fingaa joined</small></div><div class="chat chatmessage-stickyfingaa"><strong style="color:#e76311"><small>+</small><span class="username" data-name="Sticky Fingaa">Sticky Fingaa</span>:</strong> <em>gl both</em></div><div class="chat message-error">Lasen has 240 seconds left.</div><div class="chat message-error">Lasen has 210 seconds left.</div><div class="spacer battle-history"><br></div><div class="battle-history">Weavile, come back!<br></div><div class="battle-history">Go! <strong>Lurantis</strong>!<br></div><div class="battle-history"><small>The opposing Manaphy surrounded itself with its Z-Power!</small><br></div><div class="spacer battle-history"><br></div><div class="battle-history"><small>The opposing Manaphy unleashes its full-force Z-Move!</small><br>The opposing Manaphy used <strong>Hydro Vortex</strong>!<br></div><div class="battle-history"><small>It's not very effective...</small><br></div><div class="battle-history"><small>(Lurantis lost 64% of its health!)</small><br></div><div class="spacer battle-history"><br></div><div class="battle-history"><small>(Rain continues to fall.)</small><br></div><div class="spacer battle-history"><br></div><h2 class="battle-history">Turn 4</h2><div class="chat message-error">crying has 240 seconds left.</div><div class="spacer battle-history"><br></div><div class="battle-history">crying withdrew Manaphy!<br></div><div class="battle-history">crying sent out <strong>Ferrothorn</strong>!<br></div><div class="spacer battle-history"><br></div><div class="battle-history">Lurantis, come back!<br></div><div class="battle-history">Go! <strong>Blacephalon</strong>!<br></div><div class="spacer battle-history"><br></div><div class="battle-history"><small>(Rain continues to fall.)</small><br></div><div class="spacer battle-history"><br></div><h2 class="battle-history">Turn 5</h2><div class="spacer battle-history"><br></div><div class="battle-history">crying withdrew Ferrothorn!<br></div><div class="battle-history">crying sent out <strong>Greninja</strong>!<br></div><div class="spacer battle-history"><br></div><div class="battle-history">Blacephalon used <strong>Overheat</strong>!<br></div><div class="battle-history"><small>It's not very effective...</small><br></div><div class="battle-history"><small>(The opposing Greninja lost 32% of its health!)</small><br></div><div class="battle-history"><small>Blacephalon's Sp. Atk fell harshly!</small><br></div><div class="spacer battle-history"><br></div><div class="battle-history"><small>(Rain continues to fall.)</small><br></div><div class="spacer battle-history"><br></div><h2 class="battle-history">Turn 6</h2><div class="chat message-error">crying has 240 seconds left.</div><div class="chat message-error">Lasen has 210 seconds left.</div><div class="spacer battle-history"><br></div><div class="battle-history">Blacephalon, come back!<br></div><div class="battle-history">Go! Rotom (<strong>Rotom-Wash</strong>)!<br></div><div class="spacer battle-history"><br></div><div class="battle-history">The opposing Greninja used <strong>Surf</strong>!<br></div><div class="battle-history"><small>It's not very effective...</small><br></div><div class="battle-history"><small>(Rotom lost 48% of its health!)</small><br></div><div class="spacer battle-history"><br></div><div class="battle-history"><small>(Rain continues to fall.)</small><br></div><div class="battle-history"><small>Rotom restored a little HP using its Leftovers!</small><br></div><div class="spacer battle-history"><br></div><h2 class="battle-history">Turn 7</h2><div class="spacer battle-history"><br></div><div class="battle-history">crying withdrew Greninja!<br></div><div class="battle-history">crying sent out <strong>Swampert</strong>!<br></div><div class="spacer battle-history"><br></div><div class="battle-history">Rotom used <strong>Pain Split</strong>!<br></div><div class="battle-history"><small>The battlers shared their pain!</small><br></div><div class="spacer battle-history"><br></div><div class="battle-history"><small>(Rain continues to fall.)</small><br></div><div class="battle-history"><small>Rotom restored a little HP using its Leftovers!</small><br></div><div class="spacer battle-history"><br></div><h2 class="battle-history">Turn 8</h2><div class="spacer battle-history"><br></div><div class="battle-history">Rotom, come back!<br></div><div class="battle-history">Go! <strong>Corviknight</strong>!<br></div><div class="battle-history">[Corviknight's Pressure]<br><small>Corviknight is exerting its pressure!</small><br></div><div class="spacer battle-history"><br></div><div class="battle-history"><small>The opposing Swampert's Swampertite is reacting to the Key Stone!</small><br>The opposing Swampert has Mega Evolved into Mega Swampert!<br></div><div class="chat"><ul class="utilichart"><li class="result"><span class="col pokemonnamecol">Swampert-Mega</span> <span class="col typecol"><img src="http://play.pokemonshowdown.com/sprites/types/Water.png" alt="Water" width="32" height="14"><img src="http://play.pokemonshowdown.com/sprites/types/Ground.png" alt="Ground" width="32" height="14"></span> <span><span class="col abilitycol">Swift Swim</span><span class="col abilitycol"></span></span></li><li></li></ul></div><div class="chat"><ul class="utilichart"><li class="result"><span><span class="col statcol"><em>HP</em><br>100</span> <span class="col statcol"><em>Atk</em><br>150</span> <span class="col statcol"><em>Def</em><br>110</span> <span class="col statcol"><em>SpA</em><br>95</span> <span class="col statcol"><em>SpD</em><br>110</span> <span class="col statcol"><em>Spe</em><br>70</span> </span></li><li></li></ul></div><div class="spacer battle-history"><br></div><div class="battle-history">The opposing Swampert used <strong>Substitute</strong>!<br></div><div class="battle-history"><small>The opposing Swampert put in a substitute!</small><br></div><div class="battle-history"><small>(The opposing Swampert lost 25% of its health!)</small><br></div><div class="spacer battle-history"><br></div><div class="battle-history"><small>The rain stopped.</small><br></div><div class="spacer battle-history"><br></div><h2 class="battle-history">Turn 9</h2><div class="spacer battle-history"><br></div><div class="battle-history">The opposing Swampert used <strong>Waterfall</strong>!<br></div><div class="battle-history"><small>(Corviknight lost 29% of its health!)</small><br></div><div class="spacer battle-history"><br></div><div class="battle-history">Corviknight used <strong>U-turn</strong>!<br></div><div class="battle-history"><small>The substitute took damage for the opposing Swampert!</small><br></div><div class="chat message-error">Lasen has 210 seconds left.</div><div class="spacer battle-history"><br></div><div class="battle-history">Corviknight went back to Lasen!<br></div><div class="battle-history">Go! Rotom (<strong>Rotom-Wash</strong>)!<br></div><div class="spacer battle-history"><br></div><div class="battle-history"><small>Rotom restored a little HP using its Leftovers!</small><br></div><div class="spacer battle-history"><br></div><h2 class="battle-history">Turn 10</h2><div class="spacer battle-history"><br></div><div class="battle-history">The opposing Swampert used <strong>Waterfall</strong>!<br></div><div class="battle-history"><small>It's not very effective...</small><br></div><div class="battle-history"><small>(Rotom lost 20% of its health!)</small><br></div><div class="spacer battle-history"><br></div><div class="battle-history">Rotom used <strong>Hydro Pump</strong>!<br></div><div class="battle-history"><small>The opposing Swampert's substitute faded!</small><br></div><div class="spacer battle-history"><br></div><div class="battle-history"><small>Rotom restored a little HP using its Leftovers!</small><br></div><div class="spacer battle-history"><br></div><h2 class="battle-history">Turn 11</h2><div class="spacer battle-history"><br></div><div class="battle-history">crying withdrew Swampert!<br></div><div class="battle-history">crying sent out <strong>Ferrothorn</strong>!<br></div><div class="spacer battle-history"><br></div><div class="battle-history">Rotom used <strong>Volt Switch</strong>!<br></div><div class="battle-history"><small>It's not very effective...</small><br></div><div class="battle-history"><small>(The opposing Ferrothorn lost 7% of its health!)</small><br></div><div class="battle-history"><small>The opposing Ferrothorn is switched out with the Eject Button!</small><br></div><div class="spacer battle-history"><br></div><div class="battle-history">crying withdrew Ferrothorn!<br></div><div class="battle-history">crying sent out <strong>Pelipper</strong>!<br></div><div class="battle-history">[The opposing Pelipper's Drizzle]<br><small>It started to rain!</small><br></div><div class="spacer battle-history"><br></div><div class="battle-history"><small>(Rain continues to fall.)</small><br></div><div class="battle-history"><small>Rotom restored a little HP using its Leftovers!</small><br></div><div class="spacer battle-history"><br></div><h2 class="battle-history">Turn 12</h2><div class="spacer battle-history"><br></div><div class="battle-history">crying withdrew Pelipper!<br></div><div class="battle-history">crying sent out <strong>Ferrothorn</strong>!<br></div><div class="spacer battle-history"><br></div><div class="battle-history">Rotom used <strong>Volt Switch</strong>!<br></div><div class="battle-history"><small>It's not very effective...</small><br></div><div class="battle-history"><small>(The opposing Ferrothorn lost 8% of its health!)</small><br></div><div class="chat message-error">Lasen has 210 seconds left.</div><div class="spacer battle-history"><br></div><div class="battle-history">Rotom went back to Lasen!<br></div><div class="battle-history">Go! <strong>Blacephalon</strong>!<br></div><div class="spacer battle-history"><br></div><div class="battle-history"><small>(Rain continues to fall.)</small><br></div><div class="spacer battle-history"><br></div><h2 class="battle-history">Turn 13</h2><div class="chat message-error">crying has 240 seconds left.</div><div class="chat"><small>+CaoJie joined</small></div><div class="chat message-error">crying has 210 seconds left.</div><div class="chat message-error">crying has 180 seconds left.</div><div class="spacer battle-history"><br></div><div class="battle-history">Blacephalon, come back!<br></div><div class="battle-history">Go! <strong>Weavile</strong>!<br></div><div class="battle-history">[Weavile's Pressure]<br><small>Weavile is exerting its pressure!</small><br></div><div class="spacer battle-history"><br></div><div class="battle-history">crying withdrew Ferrothorn!<br></div><div class="battle-history">crying sent out Swampert (<strong>Swampert-Mega</strong>)!<br></div><div class="spacer battle-history"><br></div><div class="battle-history"><small>(Rain continues to fall.)</small><br></div><div class="spacer battle-history"><br></div><h2 class="battle-history">Turn 14</h2><div class="chat message-error">crying has 180 seconds left.</div><div class="spacer battle-history"><br></div><div class="battle-history">crying withdrew Swampert!<br></div><div class="battle-history">crying sent out <strong>Ferrothorn</strong>!<br></div><div class="spacer battle-history"><br></div><div class="battle-history">Weavile, come back!<br></div><div class="battle-history">Go! Landorus (<strong>Landorus-Therian</strong>)!<br></div><div class="battle-history">[Landorus's Intimidate]<br></div><div class="battle-history"><small>The opposing Ferrothorn's Attack fell!</small><br></div><div class="spacer battle-history"><br></div><div class="battle-history"><small>(Rain continues to fall.)</small><br></div><div class="spacer battle-history"><br></div><h2 class="battle-history">Turn 15</h2><div class="chat message-error">crying has 180 seconds left.</div><div class="spacer battle-history"><br></div><div class="battle-history">Landorus used <strong>Stealth Rock</strong>!<br></div><div class="battle-history"><small>Pointed stones float in the air around the opposing team!</small><br></div><div class="spacer battle-history"><br></div><div class="battle-history">The opposing Ferrothorn used <strong>Stealth Rock</strong>!<br></div><div class="battle-history"><small>Pointed stones float in the air around your team!</small><br></div><div class="spacer battle-history"><br></div><div class="battle-history"><small>(Rain continues to fall.)</small><br></div><div class="spacer battle-history"><br></div><h2 class="battle-history">Turn 16</h2><div class="spacer battle-history"><br></div><div class="battle-history">Landorus used <strong>Earthquake</strong>!<br></div><div class="battle-history"><small>(The opposing Ferrothorn lost 39% of its health!)</small><br></div><div class="spacer battle-history"><br></div><div class="battle-history">The opposing Ferrothorn used <strong>Leech Seed</strong>!<br></div><div class="battle-history"><small>Landorus was seeded!</small><br></div><div class="spacer battle-history"><br></div><div class="battle-history"><small>(Rain continues to fall.)</small><br></div><div class="battle-history"><small>Landorus's health is sapped by Leech Seed!</small><br></div><div class="spacer battle-history"><br></div><h2 class="battle-history">Turn 17</h2><div class="spacer battle-history"><br></div><div class="battle-history">Landorus used <strong>Earthquake</strong>!<br></div><div class="battle-history"><small>A critical hit!</small><br></div><div class="battle-history"><small>(The opposing Ferrothorn lost 54% of its health!)</small><br></div><div class="spacer battle-history"><br></div><div class="battle-history">The opposing Ferrothorn used <strong>Thunder Wave</strong>!<br></div><div class="battle-history"><small>It doesn't affect Landorus...</small><br></div><div class="spacer battle-history"><br></div><div class="battle-history"><small>(Rain continues to fall.)</small><br></div><div class="battle-history"><small>Landorus's health is sapped by Leech Seed!</small><br></div><div class="spacer battle-history"><br></div><h2 class="battle-history">Turn 18</h2><div class="spacer battle-history"><br></div><div class="battle-history">crying withdrew Ferrothorn!<br></div><div class="battle-history">crying sent out <strong>Zapdos</strong>!<br></div><div class="battle-history"><small>Landorus surrounded itself with its Z-Power!</small><br></div><div class="spacer battle-history"><br></div><div class="battle-history"><small>Landorus unleashes its full-force Z-Move!</small><br>Landorus used <strong>Supersonic Skystrike</strong>!<br></div><div class="battle-history"><small>It's not very effective...</small><br></div><div class="battle-history"><small>(The opposing Zapdos lost 44% of its health!)</small><br></div><div class="spacer battle-history"><br></div><div class="battle-history"><small>The rain stopped.</small><br></div><div class="battle-history"><small>Landorus's health is sapped by Leech Seed!</small><br></div><div class="spacer battle-history"><br></div><h2 class="battle-history">Turn 19</h2><div class="spacer battle-history"><br></div><div class="battle-history">The opposing Zapdos used <strong>Hurricane</strong>!<br></div><div class="battle-history"><small>(Landorus lost 56% of its health!)</small><br></div><div class="spacer battle-history"><br></div><div class="battle-history">Landorus used <strong>U-turn</strong>!<br></div><div class="battle-history"><small>It's not very effective...</small><br></div><div class="battle-history"><small>(The opposing Zapdos lost 12% of its health!)</small><br></div><div class="spacer battle-history"><br></div><div class="battle-history">Landorus went back to Lasen!<br></div><div class="battle-history">Go! <strong>Blacephalon</strong>!<br></div><div class="battle-history"><small>Pointed stones dug into Blacephalon!</small><br></div><div class="spacer battle-history"><br></div><h2 class="battle-history">Turn 20</h2><div class="chat message-error">crying has 210 seconds left.</div><div class="spacer battle-history"><br></div><div class="battle-history">crying withdrew Zapdos!<br></div><div class="battle-history">crying sent out <strong>Ferrothorn</strong>!<br></div><div class="battle-history"><small>Pointed stones dug into the opposing Ferrothorn!</small><br></div><div class="spacer battle-history"><br></div><div class="battle-history">Blacephalon used <strong>Shadow Ball</strong>!<br></div><div class="battle-history"><small>(The opposing Ferrothorn lost 13% of its health!)</small><br></div><div class="spacer battle-history"><br></div><div class="battle-history">The opposing Ferrothorn fainted!<br></div><div class="battle-history">[Blacephalon's Beast Boost]<br></div><div class="battle-history"><small>Blacephalon's Sp. Atk rose!</small><br></div><div class="spacer battle-history"><br></div><div class="battle-history">crying sent out <strong>Greninja</strong>!<br></div><div class="battle-history"><small>Pointed stones dug into the opposing Greninja!</small><br></div><div class="spacer battle-history"><br></div><h2 class="battle-history">Turn 21</h2><div class="chat message-error">crying has 210 seconds left.</div><div class="spacer battle-history"><br></div><div class="battle-history">Blacephalon used <strong>Shadow Ball</strong>!<br></div><div class="battle-history"><small>It's not very effective...</small><br></div><div class="battle-history"><small>(The opposing Greninja lost 54% of its health!)</small><br></div><div class="spacer battle-history"><br></div><div class="battle-history">The opposing Greninja used <strong>Dark Pulse</strong>!<br></div><div class="battle-history"><small>It's super effective!</small><br></div><div class="battle-history"><small>(Blacephalon lost 76% of its health!)</small><br></div><div class="spacer battle-history"><br></div><div class="battle-history">Blacephalon fainted!<br></div><div class="battle-history">[The opposing Greninja's Battle Bond]<br><small>The opposing Greninja became fully charged due to its bond with its Trainer!</small><br></div><div class="battle-history">The opposing Greninja became Ash-Greninja!<br></div><div class="spacer battle-history"><br></div><div class="battle-history">Go! <strong>Lurantis</strong>!<br></div><div class="battle-history"><small>Pointed stones dug into Lurantis!</small><br></div><div class="spacer battle-history"><br></div><h2 class="battle-history">Turn 22</h2><div class="chat message-error">crying has 210 seconds left.</div><div class="chat message-error">crying has 180 seconds left.</div><div class="spacer battle-history"><br></div><div class="battle-history"><small>Lurantis's Lurantisite is reacting to the Key Stone!</small><br>Lurantis has Mega Evolved into Mega Lurantis!<br></div><div class="chat"><ul class="utilichart"><li class="result"><span class="col pokemonnamecol">Lurantis-Mega</span> <span class="col typecol"><img src="http://play.pokemonshowdown.com/sprites/types/Grass.png" alt="Grass" width="32" height="14"><img src="http://play.pokemonshowdown.com/sprites/types/Fairy.png" alt="Fairy" width="32" height="14"></span> <span><span class="col abilitycol">Elegance</span><span class="col abilitycol"></span></span></li><li></li></ul></div><div class="chat"><ul class="utilichart"><li class="result"><span><span class="col statcol"><em>HP</em><br>70</span> <span class="col statcol"><em>Atk</em><br>125</span> <span class="col statcol"><em>Def</em><br>110</span> <span class="col statcol"><em>SpA</em><br>100</span> <span class="col statcol"><em>SpD</em><br>110</span> <span class="col statcol"><em>Spe</em><br>65</span> </span></li><li></li></ul></div><div class="battle-history"><small>(Lurantis-Mega was submitted by BitBitio!)</small><br></div><div class="spacer battle-history"><br></div><div class="battle-history">The opposing Greninja used <strong>Dark Pulse</strong>!<br></div><div class="battle-history"><small>It's not very effective...</small><br></div><div class="battle-history"><small>(Lurantis lost 24% of its health!)</small><br></div><div class="spacer battle-history"><br></div><div class="battle-history">Lurantis fainted!<br></div><div class="spacer battle-history"><br></div><div class="battle-history">Go! <strong>Weavile</strong>!<br></div><div class="battle-history"><small>Pointed stones dug into Weavile!</small><br></div><div class="battle-history">[Weavile's Pressure]<br><small>Weavile is exerting its pressure!</small><br></div><div class="spacer battle-history"><br></div><h2 class="battle-history">Turn 23</h2><div class="spacer battle-history"><br></div><div class="battle-history">The opposing Greninja used <strong>Dark Pulse</strong>!<br></div><div class="battle-history"><small>It's not very effective...</small><br></div><div class="battle-history"><small>(Weavile lost 46% of its health!)</small><br></div><div class="spacer battle-history"><br></div><div class="battle-history">Weavile used <strong>Pursuit</strong>!<br></div><div class="battle-history"><small>It's not very effective...</small><br></div><div class="battle-history"><small>(The opposing Greninja lost 2% of its health!)</small><br></div><div class="spacer battle-history"><br></div><div class="battle-history">The opposing Greninja fainted!<br></div><div class="chat message-error">crying has 150 seconds left.</div><div class="chat message-error">crying has 120 seconds left.</div><div class="chat message-error">crying has 90 seconds left.</div><div class="spacer battle-history"><br></div><div class="battle-history">crying sent out <strong>Pelipper</strong>!<br></div><div class="battle-history"><small>Pointed stones dug into the opposing Pelipper!</small><br></div><div class="battle-history">[The opposing Pelipper's Drizzle]<br><small>It started to rain!</small><br></div><div class="spacer battle-history"><br></div><h2 class="battle-history">Turn 24</h2><div class="chat message-error">Lasen has 270 seconds left.</div><div class="chat message-error">crying has 90 seconds left.</div><div class="chat"><small> Visser tom joined</small></div><div class="chat message-error">Lasen has 240 seconds left.</div><div class="chat message-error">crying has 60 seconds left.</div><div class="spacer battle-history"><br></div><div class="battle-history">Weavile, come back!<br></div><div class="battle-history">Go! Landorus (<strong>Landorus-Therian</strong>)!<br></div><div class="battle-history"><small>Pointed stones dug into Landorus!</small><br></div><div class="spacer battle-history"><br></div><div class="battle-history">Landorus fainted!<br></div><div class="battle-history">The opposing Pelipper used <strong>Roost</strong>!<br></div><div class="battle-history"><small>The opposing Pelipper had its HP restored.</small><br></div><div class="battle-history"><small>(The opposing Pelipper loses Flying type this turn.)</small><br></div><div class="spacer battle-history"><br></div><div class="battle-history"><small>(Rain continues to fall.)</small><br></div><div class="spacer battle-history"><br></div><div class="battle-history">Go! Rotom (<strong>Rotom-Wash</strong>)!<br></div><div class="battle-history"><small>Pointed stones dug into Rotom!</small><br></div><div class="spacer battle-history"><br></div><h2 class="battle-history">Turn 25</h2><div class="spacer battle-history"><br></div><div class="battle-history">crying withdrew Pelipper!<br></div><div class="battle-history">crying sent out Swampert (<strong>Swampert-Mega</strong>)!<br></div><div class="battle-history"><small>Pointed stones dug into the opposing Swampert!</small><br></div><div class="spacer battle-history"><br></div><div class="battle-history">Rotom used <strong>Volt Switch</strong>!<br></div><div class="battle-history"><small>It doesn't affect the opposing Swampert...</small><br></div><div class="spacer battle-history"><br></div><div class="battle-history"><small>(Rain continues to fall.)</small><br></div><div class="battle-history"><small>Rotom restored a little HP using its Leftovers!</small><br></div><div class="spacer battle-history"><br></div><h2 class="battle-history">Turn 26</h2><div class="chat message-error">crying has 30 seconds left.</div><div class="chat message-error">crying has 20 seconds left.</div><div class="spacer battle-history"><br></div><div class="battle-history">The opposing Swampert used <strong>Waterfall</strong>!<br></div><div class="battle-history"><small>It's not very effective...</small><br></div><div class="battle-history"><small>(Rotom lost 29% of its health!)</small><br></div><div class="spacer battle-history"><br></div><div class="battle-history">Rotom used <strong>Hydro Pump</strong>!<br></div><div class="battle-history"><small>The opposing Swampert avoided the attack!</small><br></div><div class="spacer battle-history"><br></div><div class="battle-history"><small>(Rain continues to fall.)</small><br></div><div class="battle-history"><small>Rotom restored a little HP using its Leftovers!</small><br></div><div class="spacer battle-history"><br></div><h2 class="battle-history">Turn 27</h2><div class="chat message-error">crying has 30 seconds left this turn.</div><div class="chat message-error">Lasen has 240 seconds left.</div><div class="spacer battle-history"><br></div><div class="battle-history">The opposing Swampert used <strong>Waterfall</strong>!<br></div><div class="battle-history"><small>It's not very effective...</small><br></div><div class="battle-history"><small>(Rotom lost 29% of its health!)</small><br></div><div class="spacer battle-history"><br></div><div class="battle-history">Rotom used <strong>Hydro Pump</strong>!<br></div><div class="battle-history"><small>(The opposing Swampert lost 45% of its health!)</small><br></div><div class="spacer battle-history"><br></div><div class="battle-history">The opposing Swampert fainted!<br></div><div class="spacer battle-history"><br></div><div class="battle-history"><small>(Rain continues to fall.)</small><br></div><div class="battle-history"><small>Rotom restored a little HP using its Leftovers!</small><br></div><div class="chat message-error">crying has 30 seconds left.</div><div class="spacer battle-history"><br></div><div class="battle-history">crying sent out <strong>Zapdos</strong>!<br></div><div class="spacer battle-history"><br></div><h2 class="battle-history">Turn 28</h2><div class="chat message-error">crying has 30 seconds left.</div><div class="spacer battle-history"><br></div><div class="battle-history">Rotom, come back!<br></div><div class="battle-history">Go! <strong>Corviknight</strong>!<br></div><div class="battle-history"><small>Pointed stones dug into Corviknight!</small><br></div><div class="battle-history">[Corviknight's Pressure]<br><small>Corviknight is exerting its pressure!</small><br></div><div class="spacer battle-history"><br></div><div class="battle-history">The opposing Zapdos used <strong>Thunder</strong>!<br></div><div class="battle-history"><small>It's super effective!</small><br></div><div class="battle-history"><small>(Corviknight lost 58% of its health!)</small><br></div><div class="spacer battle-history"><br></div><div class="battle-history">Corviknight fainted!<br></div><div class="spacer battle-history"><br></div><div class="battle-history"><small>(Rain continues to fall.)</small><br></div><div class="spacer battle-history"><br></div><div class="battle-history">Go! <strong>Weavile</strong>!<br></div><div class="battle-history"><small>Pointed stones dug into Weavile!</small><br></div><div class="battle-history">[Weavile's Pressure]<br><small>Weavile is exerting its pressure!</small><br></div><div class="spacer battle-history"><br></div><h2 class="battle-history">Turn 29</h2><div class="chat message-error">crying has 30 seconds left.</div><div class="chat message-error">crying has 20 seconds left.</div><div class="chat message-error">crying has 15 seconds left.</div><div class="spacer battle-history"><br></div><div class="battle-history">Weavile used <strong>Triple Axel</strong>!<br></div><div class="battle-history"><small>It's super effective!</small><br></div><div class="battle-history"><small>(The opposing Zapdos lost 28% of its health!)</small><br></div><div class="battle-history"><small>It's super effective!</small><br></div><div class="battle-history"><small>(The opposing Zapdos lost 5% of its health!)</small><br></div><div class="battle-history"><small>The Pokémon was hit 2 times!</small><br></div><div class="spacer battle-history"><br></div><div class="battle-history">The opposing Zapdos fainted!<br></div><div class="spacer battle-history"><br></div><div class="battle-history"><small>(Rain continues to fall.)</small><br></div><div class="chat message-error">crying has 20 seconds left this turn.</div><div class="chat message-error">crying has 15 seconds left.</div><div class="spacer battle-history"><br></div><div class="battle-history">crying sent out <strong>Pelipper</strong>!<br></div><div class="battle-history"><small>Pointed stones dug into the opposing Pelipper!</small><br></div><div class="spacer battle-history"><br></div><h2 class="battle-history">Turn 30</h2><div class="chat message-error">crying has 25 seconds left this turn.</div><div class="chat message-error">crying has 20 seconds left.</div><div class="spacer battle-history"><br></div><div class="battle-history">Weavile used <strong>Triple Axel</strong>!<br></div><div class="battle-history"><small>(The opposing Pelipper lost 12% of its health!)</small><br></div><div class="battle-history"><small>(The opposing Pelipper lost 23% of its health!)</small><br></div><div class="battle-history"><small>(The opposing Pelipper lost 32% of its health!)</small><br></div><div class="battle-history"><small>The Pokémon was hit 3 times!</small><br></div><div class="spacer battle-history"><br></div><div class="battle-history">The opposing Pelipper used <strong>U-turn</strong>!<br></div><div class="battle-history"><small>It's super effective!</small><br></div><div class="battle-history"><small>(Weavile lost 5% of its health!)</small><br></div><div class="spacer battle-history"><br></div><div class="battle-history">Weavile fainted!<br></div><div class="chat message-error">crying has 25 seconds left this turn.</div><div class="spacer battle-history"><br></div><div class="battle-history">The opposing Pelipper went back to crying!<br></div><div class="battle-history">crying sent out <strong>Manaphy</strong>!<br></div><div class="battle-history"><small>Pointed stones dug into the opposing Manaphy!</small><br></div><div class="spacer battle-history"><br></div><div class="battle-history"><small>(Rain continues to fall.)</small><br></div><div class="chat message-error">crying has 30 seconds left this turn.</div><div class="spacer battle-history"><br></div><div class="battle-history">Go! Rotom (<strong>Rotom-Wash</strong>)!<br></div><div class="battle-history"><small>Pointed stones dug into Rotom!</small><br></div><div class="spacer battle-history"><br></div><h2 class="battle-history">Turn 31</h2><div class="spacer battle-history"><br></div><div class="battle-history">The opposing Manaphy used <strong>Energy Ball</strong>!<br></div><div class="battle-history"><small>It's super effective!</small><br></div><div class="battle-history"><small>(Rotom lost 26% of its health!)</small><br></div><div class="spacer battle-history"><br></div><div class="battle-history">Rotom fainted!<br></div><div class="spacer battle-history"><br></div><div class="battle-history"><strong>crying</strong> won the battle!<br></div><div class="chat chatmessage-lasen"><strong style="color:#92912f"><small>☆</small><span class="username" data-name="Lasen">Lasen</span>:</strong> <em>gg</em></div><div class="chat chatmessage-crying"><strong style="color:#c92c0d"><small>☆</small><span class="username" data-name="crying">crying</span>:</strong> <em>gg</em></div><div class="chat"><small>☆Lasen,  Visser tom, and +CaoJie left</small></div></div><div class="inner-preempt message-log"></div></div></div>
</div>
<script>
let daily = Math.floor(Date.now()/1000/60/60/24);document.write('<script src="https://play.pokemonshowdown.com/js/replay-embed.js?version'+daily+'"></'+'script>');
</script>
