<!DOCTYPE html>
<meta charset="utf-8" />
<!-- version 1 -->
<title>[Gen 8] Alternatium EX replay: Ainzcrad vs. Monai</title>
<style>
html,body {font-family:Verdana, sans-serif;font-size:10pt;margin:0;padding:0;}body{padding:12px 0;} .battle-log {font-family:Verdana, sans-serif;font-size:10pt;} .battle-log-inline {border:1px solid #AAAAAA;background:#EEF2F5;color:black;max-width:640px;margin:0 auto 80px;padding-bottom:5px;} .battle-log .inner {padding:4px 8px 0px 8px;} .battle-log .inner-preempt {padding:0 8px 4px 8px;} .battle-log .inner-after {margin-top:0.5em;} .battle-log h2 {margin:0.5em -8px;padding:4px 8px;border:1px solid #AAAAAA;background:#E0E7EA;border-left:0;border-right:0;font-family:Verdana, sans-serif;font-size:13pt;} .battle-log .chat {vertical-align:middle;padding:3px 0 3px 0;font-size:8pt;} .battle-log .chat strong {color:#40576A;} .battle-log .chat em {padding:1px 4px 1px 3px;color:#000000;font-style:normal;} .chat.mine {background:rgba(0,0,0,0.05);margin-left:-8px;margin-right:-8px;padding-left:8px;padding-right:8px;} .spoiler {color:#BBBBBB;background:#BBBBBB;padding:0px 3px;} .spoiler:hover, .spoiler:active, .spoiler-shown {color:#000000;background:#E2E2E2;padding:0px 3px;} .spoiler a {color:#BBBBBB;} .spoiler:hover a, .spoiler:active a, .spoiler-shown a {color:#2288CC;} .chat code, .chat .spoiler:hover code, .chat .spoiler:active code, .chat .spoiler-shown code {border:1px solid #C0C0C0;background:#EEEEEE;color:black;padding:0 2px;} .chat .spoiler code {border:1px solid #CCCCCC;background:#CCCCCC;color:#CCCCCC;} .battle-log .rated {padding:3px 4px;} .battle-log .rated strong {color:white;background:#89A;padding:1px 4px;border-radius:4px;} .spacer {margin-top:0.5em;} .message-announce {background:#6688AA;color:white;padding:1px 4px 2px;} .message-announce a, .broadcast-green a, .broadcast-blue a, .broadcast-red a {color:#DDEEFF;} .broadcast-green {background-color:#559955;color:white;padding:2px 4px;} .broadcast-blue {background-color:#6688AA;color:white;padding:2px 4px;} .infobox {border:1px solid #6688AA;padding:2px 4px;} .infobox-limited {max-height:200px;overflow:auto;overflow-x:hidden;} .broadcast-red {background-color:#AA5544;color:white;padding:2px 4px;} .message-learn-canlearn {font-weight:bold;color:#228822;text-decoration:underline;} .message-learn-cannotlearn {font-weight:bold;color:#CC2222;text-decoration:underline;} .message-effect-weak {font-weight:bold;color:#CC2222;} .message-effect-resist {font-weight:bold;color:#6688AA;} .message-effect-immune {font-weight:bold;color:#666666;} .message-learn-list {margin-top:0;margin-bottom:0;} .message-throttle-notice, .message-error {color:#992222;} .message-overflow, .chat small.message-overflow {font-size:0pt;} .message-overflow::before {font-size:9pt;content:'...';} .subtle {color:#3A4A66;}
</style>
<div class="wrapper replay-wrapper" style="max-width:1180px;margin:0 auto">
<input type="hidden" name="replayid" value="dragonheaven-gen8alternatiumex-17" />
<div class="battle"></div><div class="battle-log"></div><div class="replay-controls"></div><div class="replay-controls-2"></div>
<h1 style="font-weight:normal;text-align:center"><strong>[Gen 8] Alternatium EX</strong><br /><a href="http://pokemonshowdown.com/users/ainzcrad" class="subtle" target="_blank">Ainzcrad</a> vs. <a href="http://pokemonshowdown.com/users/monai" class="subtle" target="_blank">Monai</a></h1>
<script type="text/plain" class="battle-log-data">|j|☆Ainzcrad
|j|☆Monai
|t:|1688753305
|player|p1|Ainzcrad|winona-gen6|
|player|p2|Monai|ninjaboy|
|teamsize|p1|6
|teamsize|p2|6
|gametype|singles
|gen|9
|tier|[Gen 8] Alternatium EX
|clearpoke
|poke|p1|Toxtricity-Low-Key, F|
|poke|p1|Articuno-Tsunami, F|
|poke|p1|Urshifu, M|
|poke|p1|Togedemaru, M|
|poke|p1|Wishiwashi-Lonesome, F|
|poke|p1|Lurantio, F|
|poke|p2|Urshifu-Erosion, F|
|poke|p2|Togedemaru, M|
|poke|p2|Araquanid-Totem, F|
|poke|p2|Indeedee-Angel, F|
|poke|p2|Lurantis, F|
|poke|p2|Pikachu-Hoenn, M|
|rule|HP Percentage Mod: HP is shown in percentages
|rule|Endless Battle Clause: Forcing endless battles is banned
|rule|OHKO Clause: OHKO moves are banned
|rule|Evasion Moves Clause: Evasion moves are banned
|rule|Dynamax Clause: You cannot dynamax
|rule|Sleep Clause Mod: Limit one foe put to sleep
|rule|Z-Move Clause: Z-Moves are banned
|teampreview
|j| it's just sparks
|c|☆Ainzcrad|hf
|j|+Not mossy
|j| BeeOrSomething
|c|☆Monai|glhf dude
|j| amphamence
|j| OREO_WARIO
|j| TPPetMod
|j| Lcaster
|inactive|Battle timer is ON: inactive players will automatically lose when time's up. (requested by Monai)
|j| Micciu
|j| dragonhell
|c| it's just sparks|gamers
|inactive|Monai has 270 seconds left.
|inactive|Ainzcrad has 270 seconds left.
|c| amphamence|bobby 😋
|j|+Gekokeso
|j| hkojhokjh
|inactive|Monai has 240 seconds left.
|
|t:|1688753393
|start
|switch|p1a: Lurantio|Lurantio, F|100\/100
|switch|p2a: Pikachu-Hoenn|Pikachu-Hoenn, M|100\/100
|-start|p2a: Pikachu-Hoenn|typechange|Dark\/Steel|[silent]
|raw|<ul class="utilichart"><li class="result"><span class="col pokemonnamecol" style="white-space: nowrap">Pikachu-Hoenn<\/span> <span class="col typecol"><img src="https:\/\/play.pokemonshowdown.com\/sprites\/types\/Dark.png" alt="Dark" height="14" width="32"><img src="https:\/\/play.pokemonshowdown.com\/sprites\/types\/Steel.png" alt="Steel" height="14" width="32"><\/span> <span style="float: left ; min-height: 26px"><span class="col abilitycol">Intimidate \/ Water Absorb<\/span><span class="col abilitycol"><\/span><\/span><\/li><li style="clear: both"><\/li><\/ul>
|raw|<ul class="utilichart"><li class="result"><span style="float: left ; min-height: 26px"><span class="col statcol"><em>HP<\/em><br>74<\/span> <span class="col statcol"><em>Atk<\/em><br>105<\/span> <span class="col statcol"><em>Def<\/em><br>75<\/span> <span class="col statcol"><em>SpA<\/em><br>60<\/span> <span class="col statcol"><em>SpD<\/em><br>70<\/span> <span class="col statcol"><em>Spe<\/em><br>116<\/span> <\/span><\/li><li style="clear: both"><\/li><\/ul>
|-ability|p2a: Pikachu-Hoenn|Intimidate|boost
|-unboost|p1a: Lurantio|atk|1
|-start|p1a: Lurantio|typechange|Fairy\/Steel|[silent]
|raw|<ul class="utilichart"><li class="result"><span class="col pokemonnamecol" style="white-space: nowrap">Lurantio<\/span> <span class="col typecol"><img src="https:\/\/play.pokemonshowdown.com\/sprites\/types\/Fairy.png" alt="Fairy" height="14" width="32"><img src="https:\/\/play.pokemonshowdown.com\/sprites\/types\/Steel.png" alt="Steel" height="14" width="32"><\/span> <span style="float: left ; min-height: 26px"><span class="col abilitycol">Intrepid Sword \/ Magic Guard<\/span><span class="col abilitycol"><\/span><\/span><\/li><li style="clear: both"><\/li><\/ul>
|raw|<ul class="utilichart"><li class="result"><span style="float: left ; min-height: 26px"><span class="col statcol"><em>HP<\/em><br>100<\/span> <span class="col statcol"><em>Atk<\/em><br>75<\/span> <span class="col statcol"><em>Def<\/em><br>95<\/span> <span class="col statcol"><em>SpA<\/em><br>85<\/span> <span class="col statcol"><em>SpD<\/em><br>95<\/span> <span class="col statcol"><em>Spe<\/em><br>60<\/span> <\/span><\/li><li style="clear: both"><\/li><\/ul>
|-ability|p1a: Lurantio|Intrepid Sword|boost
|-boost|p1a: Lurantio|atk|1
|turn|1
|n| bobby yum|lcaster
|
|t:|1688753422
|move|p2a: Pikachu-Hoenn|Will-O-Wisp|p1a: Lurantio
|-status|p1a: Lurantio|brn
|move|p1a: Lurantio|Knock Off|p2a: Pikachu-Hoenn
|-resisted|p2a: Pikachu-Hoenn
|-damage|p2a: Pikachu-Hoenn|93\/100
|-enditem|p2a: Pikachu-Hoenn|Leftovers|[from] move: Knock Off|[of] p1a: Lurantio
|
|-damage|p1a: Lurantio|94\/100 brn|[from] brn
|upkeep
|turn|2
|
|t:|1688753429
|switch|p1a: Urshifu|Urshifu, M|100\/100
|-start|p1a: Urshifu|typechange|Dark\/Ground|[silent]
|raw|<ul class="utilichart"><li class="result"><span class="col pokemonnamecol" style="white-space: nowrap">Urshifu<\/span> <span class="col typecol"><img src="https:\/\/play.pokemonshowdown.com\/sprites\/types\/Dark.png" alt="Dark" height="14" width="32"><img src="https:\/\/play.pokemonshowdown.com\/sprites\/types\/Ground.png" alt="Ground" height="14" width="32"><\/span> <span style="float: left ; min-height: 26px"><span class="col abilitycol">Sand Force \/ Unseen Fist \/ Rough Skin<\/span><span class="col abilitycol"><\/span><\/span><\/li><li style="clear: both"><\/li><\/ul>
|raw|<ul class="utilichart"><li class="result"><span style="float: left ; min-height: 26px"><span class="col statcol"><em>HP<\/em><br>85<\/span> <span class="col statcol"><em>Atk<\/em><br>115<\/span> <span class="col statcol"><em>Def<\/em><br>130<\/span> <span class="col statcol"><em>SpA<\/em><br>63<\/span> <span class="col statcol"><em>SpD<\/em><br>90<\/span> <span class="col statcol"><em>Spe<\/em><br>72<\/span> <\/span><\/li><li style="clear: both"><\/li><\/ul>
|move|p2a: Pikachu-Hoenn|Knock Off|p1a: Urshifu
|-resisted|p1a: Urshifu
|-damage|p1a: Urshifu|91\/100
|-damage|p2a: Pikachu-Hoenn|80\/100|[from] ability: Rough Skin|[of] p1a: Urshifu
|-enditem|p1a: Urshifu|Leftovers|[from] move: Knock Off|[of] p2a: Pikachu-Hoenn
|
|upkeep
|turn|3
|
|t:|1688753435
|move|p2a: Pikachu-Hoenn|Will-O-Wisp|p1a: Urshifu
|-status|p1a: Urshifu|brn
|move|p1a: Urshifu|Stealth Rock|p2a: Pikachu-Hoenn
|-sidestart|p2: Monai|move: Stealth Rock
|
|-damage|p1a: Urshifu|84\/100 brn|[from] brn
|upkeep
|turn|4
|
|t:|1688753443
|switch|p2a: Lurantis|Lurantis, F|100\/100
|-start|p2a: Lurantis|typechange|Fighting|[silent]
|raw|<ul class="utilichart"><li class="result"><span class="col pokemonnamecol" style="white-space: nowrap">Lurantis<\/span> <span class="col typecol"><img src="https:\/\/play.pokemonshowdown.com\/sprites\/types\/Fighting.png" alt="Fighting" height="14" width="32"><\/span> <span style="float: left ; min-height: 26px"><span class="col abilitycol">Exoskelett<\/span><span class="col abilitycol"><\/span><\/span><\/li><li style="clear: both"><\/li><\/ul>
|raw|<ul class="utilichart"><li class="result"><span style="float: left ; min-height: 26px"><span class="col statcol"><em>HP<\/em><br>90<\/span> <span class="col statcol"><em>Atk<\/em><br>125<\/span> <span class="col statcol"><em>Def<\/em><br>90<\/span> <span class="col statcol"><em>SpA<\/em><br>40<\/span> <span class="col statcol"><em>SpD<\/em><br>90<\/span> <span class="col statcol"><em>Spe<\/em><br>90<\/span> <\/span><\/li><li style="clear: both"><\/li><\/ul>
|move|p1a: Urshifu|Parting Shot|p2a: Lurantis
|-unboost|p2a: Lurantis|atk|1
|-unboost|p2a: Lurantis|spa|1
|
|t:|1688753448
|switch|p1a: Articuno-Tsunami|Articuno-Tsunami, F|100\/100|[from]move: Parting Shot
|-start|p1a: Articuno-Tsunami|typechange|Water\/Flying|[silent]
|raw|<ul class="utilichart"><li class="result"><span class="col pokemonnamecol" style="white-space: nowrap">Articuno-Tsunami<\/span> <span class="col typecol"><img src="https:\/\/play.pokemonshowdown.com\/sprites\/types\/Water.png" alt="Water" height="14" width="32"><img src="https:\/\/play.pokemonshowdown.com\/sprites\/types\/Flying.png" alt="Flying" height="14" width="32"><\/span> <span style="float: left ; min-height: 26px"><span class="col abilitycol">Competitive \/ Natural Cure<\/span><span class="col abilitycol"><\/span><\/span><\/li><li style="clear: both"><\/li><\/ul>
|raw|<ul class="utilichart"><li class="result"><span style="float: left ; min-height: 26px"><span class="col statcol"><em>HP<\/em><br>90<\/span> <span class="col statcol"><em>Atk<\/em><br>70<\/span> <span class="col statcol"><em>Def<\/em><br>100<\/span> <span class="col statcol"><em>SpA<\/em><br>90<\/span> <span class="col statcol"><em>SpD<\/em><br>70<\/span> <span class="col statcol"><em>Spe<\/em><br>110<\/span> <\/span><\/li><li style="clear: both"><\/li><\/ul>
|
|upkeep
|turn|5
|inactive|Monai has 270 seconds left.
|
|t:|1688753480
|switch|p2a: Indeedee-Angel|Indeedee-Angel, F|100\/100
|-damage|p2a: Indeedee-Angel|88\/100|[from] Stealth Rock
|-start|p2a: Indeedee-Angel|typechange|Normal\/Fairy|[silent]
|raw|<ul class="utilichart"><li class="result"><span class="col pokemonnamecol" style="white-space: nowrap">Indeedee-Angel<\/span> <span class="col typecol"><img src="https:\/\/play.pokemonshowdown.com\/sprites\/types\/Normal.png" alt="Normal" height="14" width="32"><img src="https:\/\/play.pokemonshowdown.com\/sprites\/types\/Fairy.png" alt="Fairy" height="14" width="32"><\/span> <span style="float: left ; min-height: 26px"><span class="col abilitycol">Natural Cure \/ Synchronize \/ Unaware<\/span><span class="col abilitycol"><\/span><\/span><\/li><li style="clear: both"><\/li><\/ul>
|raw|<ul class="utilichart"><li class="result"><span style="float: left ; min-height: 26px"><span class="col statcol"><em>HP<\/em><br>80<\/span> <span class="col statcol"><em>Atk<\/em><br>45<\/span> <span class="col statcol"><em>Def<\/em><br>120<\/span> <span class="col statcol"><em>SpA<\/em><br>95<\/span> <span class="col statcol"><em>SpD<\/em><br>75<\/span> <span class="col statcol"><em>Spe<\/em><br>85<\/span> <\/span><\/li><li style="clear: both"><\/li><\/ul>
|move|p1a: Articuno-Tsunami|Hurricane|p2a: Indeedee-Angel|[miss]
|-miss|p1a: Articuno-Tsunami|p2a: Indeedee-Angel
|
|-heal|p2a: Indeedee-Angel|94\/100|[from] item: Leftovers
|upkeep
|turn|6
|
|t:|1688753486
|switch|p1a: Togedemaru|Togedemaru, M|100\/100
|-start|p1a: Togedemaru|typechange|Grass\/Steel|[silent]
|raw|<ul class="utilichart"><li class="result"><span class="col pokemonnamecol" style="white-space: nowrap">Togedemaru<\/span> <span class="col typecol"><img src="https:\/\/play.pokemonshowdown.com\/sprites\/types\/Grass.png" alt="Grass" height="14" width="32"><img src="https:\/\/play.pokemonshowdown.com\/sprites\/types\/Steel.png" alt="Steel" height="14" width="32"><\/span> <span style="float: left ; min-height: 26px"><span class="col abilitycol">Spiky and Round<\/span><span class="col abilitycol"><\/span><\/span><\/li><li style="clear: both"><\/li><\/ul>
|raw|<ul class="utilichart"><li class="result"><span style="float: left ; min-height: 26px"><span class="col statcol"><em>HP<\/em><br>70<\/span> <span class="col statcol"><em>Atk<\/em><br>90<\/span> <span class="col statcol"><em>Def<\/em><br>126<\/span> <span class="col statcol"><em>SpA<\/em><br>44<\/span> <span class="col statcol"><em>SpD<\/em><br>100<\/span> <span class="col statcol"><em>Spe<\/em><br>100<\/span> <\/span><\/li><li style="clear: both"><\/li><\/ul>
|move|p2a: Indeedee-Angel|Light Screen|p2a: Indeedee-Angel
|-sidestart|p2: Monai|move: Light Screen
|
|-heal|p2a: Indeedee-Angel|99\/100|[from] item: Leftovers
|upkeep
|turn|7
|
|t:|1688753492
|switch|p2a: Lurantis|Lurantis, F|100\/100
|-start|p2a: Lurantis|typechange|Fighting|[silent]
|move|p1a: Togedemaru|Power Whip|p2a: Lurantis|[miss]
|-miss|p1a: Togedemaru|p2a: Lurantis
|
|upkeep
|turn|8
|
|t:|1688753497
|move|p1a: Togedemaru|Spiky Shield|p1a: Togedemaru
|-singleturn|p1a: Togedemaru|move: Protect
|move|p2a: Lurantis|Defog|p1a: Togedemaru
|-activate|p1a: Togedemaru|move: Protect
|
|upkeep
|turn|9
|
|t:|1688753505
|switch|p1a: Articuno-Tsunami|Articuno-Tsunami, F|100\/100
|-start|p1a: Articuno-Tsunami|typechange|Water\/Flying|[silent]
|move|p2a: Lurantis|Defog|p1a: Articuno-Tsunami
|-unboost|p1a: Articuno-Tsunami|evasion|1
|-sideend|p2: Monai|Stealth Rock|[from] move: Defog|[of] p2a: Lurantis
|
|upkeep
|turn|10
|
|t:|1688753510
|switch|p2a: Indeedee-Angel|Indeedee-Angel, F|99\/100
|-start|p2a: Indeedee-Angel|typechange|Normal\/Fairy|[silent]
|move|p1a: Articuno-Tsunami|Calm Mind|p1a: Articuno-Tsunami
|-boost|p1a: Articuno-Tsunami|spa|1
|-boost|p1a: Articuno-Tsunami|spd|1
|
|-heal|p2a: Indeedee-Angel|100\/100|[from] item: Leftovers
|-sideend|p2: Monai|move: Light Screen
|upkeep
|turn|11
|
|t:|1688753517
|move|p1a: Articuno-Tsunami|Scald|p2a: Indeedee-Angel
|-damage|p2a: Indeedee-Angel|81\/100
|move|p2a: Indeedee-Angel|Knock Off|p1a: Articuno-Tsunami
|-damage|p1a: Articuno-Tsunami|93\/100
|-enditem|p1a: Articuno-Tsunami|Heavy-Duty Boots|[from] move: Knock Off|[of] p2a: Indeedee-Angel
|
|-heal|p2a: Indeedee-Angel|87\/100|[from] item: Leftovers
|upkeep
|turn|12
|
|t:|1688753533
|move|p1a: Articuno-Tsunami|Scald|p2a: Indeedee-Angel
|-damage|p2a: Indeedee-Angel|66\/100
|move|p2a: Indeedee-Angel|Moonblast|p1a: Articuno-Tsunami
|-damage|p1a: Articuno-Tsunami|57\/100
|
|-heal|p2a: Indeedee-Angel|72\/100|[from] item: Leftovers
|upkeep
|turn|13
|
|t:|1688753539
|move|p1a: Articuno-Tsunami|Scald|p2a: Indeedee-Angel
|-damage|p2a: Indeedee-Angel|53\/100
|move|p2a: Indeedee-Angel|Recover|p2a: Indeedee-Angel
|-heal|p2a: Indeedee-Angel|100\/100
|
|upkeep
|turn|14
|
|t:|1688753541
|move|p1a: Articuno-Tsunami|Roost|p1a: Articuno-Tsunami
|-heal|p1a: Articuno-Tsunami|100\/100
|-singleturn|p1a: Articuno-Tsunami|move: Roost
|move|p2a: Indeedee-Angel|Moonblast|p1a: Articuno-Tsunami
|-damage|p1a: Articuno-Tsunami|64\/100
|-unboost|p1a: Articuno-Tsunami|spa|1
|
|upkeep
|turn|15
|
|t:|1688753546
|move|p1a: Articuno-Tsunami|Scald|p2a: Indeedee-Angel
|-damage|p2a: Indeedee-Angel|81\/100
|move|p2a: Indeedee-Angel|Moonblast|p1a: Articuno-Tsunami
|-damage|p1a: Articuno-Tsunami|24\/100
|-unboost|p1a: Articuno-Tsunami|spa|1
|
|-heal|p2a: Indeedee-Angel|87\/100|[from] item: Leftovers
|upkeep
|turn|16
|
|t:|1688753549
|move|p1a: Articuno-Tsunami|Roost|p1a: Articuno-Tsunami
|-heal|p1a: Articuno-Tsunami|74\/100
|-singleturn|p1a: Articuno-Tsunami|move: Roost
|move|p2a: Indeedee-Angel|Moonblast|p1a: Articuno-Tsunami
|-damage|p1a: Articuno-Tsunami|36\/100
|-unboost|p1a: Articuno-Tsunami|spa|1
|
|-heal|p2a: Indeedee-Angel|93\/100|[from] item: Leftovers
|upkeep
|turn|17
|
|t:|1688753551
|move|p1a: Articuno-Tsunami|Roost|p1a: Articuno-Tsunami
|-heal|p1a: Articuno-Tsunami|86\/100
|-singleturn|p1a: Articuno-Tsunami|move: Roost
|move|p2a: Indeedee-Angel|Moonblast|p1a: Articuno-Tsunami
|-damage|p1a: Articuno-Tsunami|50\/100
|
|-heal|p2a: Indeedee-Angel|99\/100|[from] item: Leftovers
|upkeep
|turn|18
|
|t:|1688753568
|switch|p2a: Togedemaru|Togedemaru, M|100\/100
|-start|p2a: Togedemaru|typechange|Grass\/Steel|[silent]
|raw|<ul class="utilichart"><li class="result"><span class="col pokemonnamecol" style="white-space: nowrap">Togedemaru<\/span> <span class="col typecol"><img src="https:\/\/play.pokemonshowdown.com\/sprites\/types\/Grass.png" alt="Grass" height="14" width="32"><img src="https:\/\/play.pokemonshowdown.com\/sprites\/types\/Steel.png" alt="Steel" height="14" width="32"><\/span> <span style="float: left ; min-height: 26px"><span class="col abilitycol">Spiky and Round<\/span><span class="col abilitycol"><\/span><\/span><\/li><li style="clear: both"><\/li><\/ul>
|raw|<ul class="utilichart"><li class="result"><span style="float: left ; min-height: 26px"><span class="col statcol"><em>HP<\/em><br>70<\/span> <span class="col statcol"><em>Atk<\/em><br>90<\/span> <span class="col statcol"><em>Def<\/em><br>126<\/span> <span class="col statcol"><em>SpA<\/em><br>44<\/span> <span class="col statcol"><em>SpD<\/em><br>100<\/span> <span class="col statcol"><em>Spe<\/em><br>100<\/span> <\/span><\/li><li style="clear: both"><\/li><\/ul>
|move|p1a: Articuno-Tsunami|Roost|p1a: Articuno-Tsunami
|-heal|p1a: Articuno-Tsunami|99\/100
|-singleturn|p1a: Articuno-Tsunami|move: Roost
|
|upkeep
|turn|19
|
|t:|1688753570
|switch|p1a: Togedemaru|Togedemaru, M|100\/100
|-start|p1a: Togedemaru|typechange|Grass\/Steel|[silent]
|move|p2a: Togedemaru|Power Whip|p1a: Togedemaru
|-resisted|p1a: Togedemaru
|-damage|p1a: Togedemaru|93\/100
|-damage|p2a: Togedemaru|88\/100|[from] ability: Spiky and Round|[of] p1a: Togedemaru
|
|-heal|p1a: Togedemaru|99\/100|[from] item: Leftovers
|upkeep
|turn|20
|
|t:|1688753575
|switch|p1a: Wishiwashi-Lonesom|Wishiwashi-Lonesome, F|100\/100
|-start|p1a: Wishiwashi-Lonesom|typechange|Steel\/Ghost|[silent]
|raw|<ul class="utilichart"><li class="result"><span class="col pokemonnamecol" style="white-space: nowrap">Wishiwashi-Lonesome<\/span> <span class="col typecol"><img src="https:\/\/play.pokemonshowdown.com\/sprites\/types\/Steel.png" alt="Steel" height="14" width="32"><img src="https:\/\/play.pokemonshowdown.com\/sprites\/types\/Ghost.png" alt="Ghost" height="14" width="32"><\/span> <span style="float: left ; min-height: 26px"><span class="col abilitycol">Run Away \/ Rattled \/ Supreme Overlord<\/span><span class="col abilitycol"><\/span><\/span><\/li><li style="clear: both"><\/li><\/ul>
|raw|<ul class="utilichart"><li class="result"><span style="float: left ; min-height: 26px"><span class="col statcol"><em>HP<\/em><br>85<\/span> <span class="col statcol"><em>Atk<\/em><br>70<\/span> <span class="col statcol"><em>Def<\/em><br>70<\/span> <span class="col statcol"><em>SpA<\/em><br>95<\/span> <span class="col statcol"><em>SpD<\/em><br>72<\/span> <span class="col statcol"><em>Spe<\/em><br>123<\/span> <\/span><\/li><li style="clear: both"><\/li><\/ul>
|move|p2a: Togedemaru|Stealth Rock|p1a: Wishiwashi-Lonesom
|-sidestart|p1: Ainzcrad|move: Stealth Rock
|
|upkeep
|turn|21
|
|t:|1688753579
|switch|p2a: Urshifu-Erosion|Urshifu-Erosion, F|100\/100
|-start|p2a: Urshifu-Erosion|typechange|Water|[silent]
|raw|<ul class="utilichart"><li class="result"><span class="col pokemonnamecol" style="white-space: nowrap">Urshifu-Erosion<\/span> <span class="col typecol"><img src="https:\/\/play.pokemonshowdown.com\/sprites\/types\/Water.png" alt="Water" height="14" width="32"><\/span> <span style="float: left ; min-height: 26px"><span class="col abilitycol">Magic Guard<\/span><span class="col abilitycol"><\/span><\/span><\/li><li style="clear: both"><\/li><\/ul>
|raw|<ul class="utilichart"><li class="result"><span style="float: left ; min-height: 26px"><span class="col statcol"><em>HP<\/em><br>105<\/span> <span class="col statcol"><em>Atk<\/em><br>95<\/span> <span class="col statcol"><em>Def<\/em><br>80<\/span> <span class="col statcol"><em>SpA<\/em><br>90<\/span> <span class="col statcol"><em>SpD<\/em><br>85<\/span> <span class="col statcol"><em>Spe<\/em><br>70<\/span> <\/span><\/li><li style="clear: both"><\/li><\/ul>
|move|p1a: Wishiwashi-Lonesom|Shadow Ball|p2a: Urshifu-Erosion
|-damage|p2a: Urshifu-Erosion|66\/100
|
|-heal|p2a: Urshifu-Erosion|72\/100|[from] item: Leftovers
|upkeep
|turn|22
|
|t:|1688753583
|-end|p1a: Wishiwashi-Lonesom|fallenundefined|[silent]
|switch|p1a: Togedemaru|Togedemaru, M|99\/100
|-start|p1a: Togedemaru|typechange|Grass\/Steel|[silent]
|-damage|p1a: Togedemaru|93\/100|[from] Stealth Rock
|move|p2a: Urshifu-Erosion|Coil|p2a: Urshifu-Erosion
|-boost|p2a: Urshifu-Erosion|atk|1
|-boost|p2a: Urshifu-Erosion|def|1
|-boost|p2a: Urshifu-Erosion|accuracy|1
|
|-heal|p1a: Togedemaru|99\/100|[from] item: Leftovers
|-heal|p2a: Urshifu-Erosion|78\/100|[from] item: Leftovers
|upkeep
|turn|23
|
|t:|1688753589
|switch|p2a: Pikachu-Hoenn|Pikachu-Hoenn, M|80\/100
|-start|p2a: Pikachu-Hoenn|typechange|Dark\/Steel|[silent]
|-ability|p2a: Pikachu-Hoenn|Intimidate|boost
|-unboost|p1a: Togedemaru|atk|1
|move|p1a: Togedemaru|Power Whip|p2a: Pikachu-Hoenn
|-resisted|p2a: Pikachu-Hoenn
|-damage|p2a: Pikachu-Hoenn|70\/100
|
|-heal|p1a: Togedemaru|100\/100|[from] item: Leftovers
|upkeep
|turn|24
|
|t:|1688753599
|switch|p1a: Urshifu|Urshifu, M|84\/100 brn
|-damage|p1a: Urshifu|78\/100 brn|[from] Stealth Rock
|-start|p1a: Urshifu|typechange|Dark\/Ground|[silent]
|move|p2a: Pikachu-Hoenn|Knock Off|p1a: Urshifu
|-resisted|p1a: Urshifu
|-damage|p1a: Urshifu|72\/100 brn
|-damage|p2a: Pikachu-Hoenn|57\/100|[from] ability: Rough Skin|[of] p1a: Urshifu
|
|-damage|p1a: Urshifu|66\/100 brn|[from] brn
|upkeep
|turn|25
|
|t:|1688753603
|move|p2a: Pikachu-Hoenn|Slack Off|p2a: Pikachu-Hoenn
|-heal|p2a: Pikachu-Hoenn|100\/100
|move|p1a: Urshifu|Earthquake|p2a: Pikachu-Hoenn
|-supereffective|p2a: Pikachu-Hoenn
|-damage|p2a: Pikachu-Hoenn|67\/100
|
|-damage|p1a: Urshifu|60\/100 brn|[from] brn
|upkeep
|turn|26
|
|t:|1688753607
|move|p2a: Pikachu-Hoenn|Slack Off|p2a: Pikachu-Hoenn
|-heal|p2a: Pikachu-Hoenn|100\/100
|move|p1a: Urshifu|Stealth Rock|p2a: Pikachu-Hoenn
|-sidestart|p2: Monai|move: Stealth Rock
|
|-damage|p1a: Urshifu|54\/100 brn|[from] brn
|upkeep
|turn|27
|
|t:|1688753609
|move|p2a: Pikachu-Hoenn|Wish|p2a: Pikachu-Hoenn
|move|p1a: Urshifu|Parting Shot|p2a: Pikachu-Hoenn
|-unboost|p2a: Pikachu-Hoenn|atk|1
|-unboost|p2a: Pikachu-Hoenn|spa|1
|
|t:|1688753615
|switch|p1a: Articuno-Tsunami|Articuno-Tsunami, F|99\/100|[from]move: Parting Shot
|-start|p1a: Articuno-Tsunami|typechange|Water\/Flying|[silent]
|-damage|p1a: Articuno-Tsunami|75\/100|[from] Stealth Rock
|
|upkeep
|turn|28
|
|t:|1688753631
|switch|p2a: Togedemaru|Togedemaru, M|88\/100
|-start|p2a: Togedemaru|typechange|Grass\/Steel|[silent]
|-damage|p2a: Togedemaru|82\/100|[from] Stealth Rock
|move|p1a: Articuno-Tsunami|Scald|p2a: Togedemaru
|-resisted|p2a: Togedemaru
|-crit|p2a: Togedemaru
|-damage|p2a: Togedemaru|64\/100
|-status|p2a: Togedemaru|brn
|
|-heal|p2a: Togedemaru|100\/100 brn|[from] move: Wish|[wisher] Pikachu-Hoenn
|-damage|p2a: Togedemaru|94\/100 brn|[from] brn
|upkeep
|turn|29
|
|t:|1688753651
|switch|p1a: Togedemaru|Togedemaru, M|100\/100
|-start|p1a: Togedemaru|typechange|Grass\/Steel|[silent]
|-damage|p1a: Togedemaru|94\/100|[from] Stealth Rock
|switch|p2a: Indeedee-Angel|Indeedee-Angel, F|99\/100
|-damage|p2a: Indeedee-Angel|86\/100|[from] Stealth Rock
|-start|p2a: Indeedee-Angel|typechange|Normal\/Fairy|[silent]
|
|-heal|p1a: Togedemaru|100\/100|[from] item: Leftovers
|-heal|p2a: Indeedee-Angel|93\/100|[from] item: Leftovers
|upkeep
|turn|30
|
|t:|1688753657
|switch|p2a: Pikachu-Hoenn|Pikachu-Hoenn, M|100\/100
|-damage|p2a: Pikachu-Hoenn|94\/100|[from] Stealth Rock
|-start|p2a: Pikachu-Hoenn|typechange|Dark\/Steel|[silent]
|-ability|p2a: Pikachu-Hoenn|Intimidate|boost
|-unboost|p1a: Togedemaru|atk|1
|move|p1a: Togedemaru|Rapid Spin|p2a: Pikachu-Hoenn
|-resisted|p2a: Pikachu-Hoenn
|-damage|p2a: Pikachu-Hoenn|91\/100
|-boost|p1a: Togedemaru|spe|1
|-sideend|p1: Ainzcrad|Stealth Rock|[from] move: Rapid Spin|[of] p1a: Togedemaru
|
|upkeep
|turn|31
|
|t:|1688753662
|switch|p1a: Articuno-Tsunami|Articuno-Tsunami, F|75\/100
|-start|p1a: Articuno-Tsunami|typechange|Water\/Flying|[silent]
|move|p2a: Pikachu-Hoenn|Wish|p2a: Pikachu-Hoenn
|
|upkeep
|turn|32
|
|t:|1688753666
|switch|p2a: Urshifu-Erosion|Urshifu-Erosion, F|78\/100
|-start|p2a: Urshifu-Erosion|typechange|Water|[silent]
|move|p1a: Articuno-Tsunami|Calm Mind|p1a: Articuno-Tsunami
|-boost|p1a: Articuno-Tsunami|spa|1
|-boost|p1a: Articuno-Tsunami|spd|1
|
|-heal|p2a: Urshifu-Erosion|100\/100|[from] move: Wish|[wisher] Pikachu-Hoenn
|upkeep
|turn|33
|
|t:|1688753669
|move|p1a: Articuno-Tsunami|Hurricane|p2a: Urshifu-Erosion
|-damage|p2a: Urshifu-Erosion|65\/100
|move|p2a: Urshifu-Erosion|Rapid Spin|p1a: Articuno-Tsunami
|-damage|p1a: Articuno-Tsunami|69\/100
|-boost|p2a: Urshifu-Erosion|spe|1
|-sideend|p2: Monai|Stealth Rock|[from] move: Rapid Spin|[of] p2a: Urshifu-Erosion
|
|-heal|p2a: Urshifu-Erosion|71\/100|[from] item: Leftovers
|upkeep
|turn|34
|
|t:|1688753675
|move|p2a: Urshifu-Erosion|Coil|p2a: Urshifu-Erosion
|-boost|p2a: Urshifu-Erosion|atk|1
|-boost|p2a: Urshifu-Erosion|def|1
|-boost|p2a: Urshifu-Erosion|accuracy|1
|move|p1a: Articuno-Tsunami|Scald|p2a: Urshifu-Erosion
|-resisted|p2a: Urshifu-Erosion
|-damage|p2a: Urshifu-Erosion|59\/100
|-status|p2a: Urshifu-Erosion|brn
|
|-heal|p2a: Urshifu-Erosion|65\/100 brn|[from] item: Leftovers
|upkeep
|turn|35
|
|t:|1688753677
|move|p2a: Urshifu-Erosion|Coil|p2a: Urshifu-Erosion
|-boost|p2a: Urshifu-Erosion|atk|1
|-boost|p2a: Urshifu-Erosion|def|1
|-boost|p2a: Urshifu-Erosion|accuracy|1
|move|p1a: Articuno-Tsunami|Hurricane|p2a: Urshifu-Erosion
|-damage|p2a: Urshifu-Erosion|30\/100 brn
|-start|p2a: Urshifu-Erosion|confusion
|
|-heal|p2a: Urshifu-Erosion|36\/100 brn|[from] item: Leftovers
|upkeep
|turn|36
|
|t:|1688753679
|-activate|p2a: Urshifu-Erosion|confusion
|-damage|p2a: Urshifu-Erosion|32\/100 brn|[from] confusion
|move|p1a: Articuno-Tsunami|Hurricane|p2a: Urshifu-Erosion
|-damage|p2a: Urshifu-Erosion|0 fnt
|faint|p2a: Urshifu-Erosion
|
|upkeep
|
|t:|1688753685
|switch|p2a: Indeedee-Angel|Indeedee-Angel, F|93\/100
|-start|p2a: Indeedee-Angel|typechange|Normal\/Fairy|[silent]
|turn|37
|
|t:|1688753691
|move|p1a: Articuno-Tsunami|Scald|p2a: Indeedee-Angel
|-damage|p2a: Indeedee-Angel|72\/100
|move|p2a: Indeedee-Angel|Moonblast|p1a: Articuno-Tsunami
|-damage|p1a: Articuno-Tsunami|28\/100
|
|-heal|p2a: Indeedee-Angel|78\/100|[from] item: Leftovers
|upkeep
|turn|38
|
|t:|1688753693
|move|p1a: Articuno-Tsunami|Roost|p1a: Articuno-Tsunami
|-heal|p1a: Articuno-Tsunami|78\/100
|-singleturn|p1a: Articuno-Tsunami|move: Roost
|move|p2a: Indeedee-Angel|Moonblast|p1a: Articuno-Tsunami
|-crit|p1a: Articuno-Tsunami
|-damage|p1a: Articuno-Tsunami|21\/100
|
|-heal|p2a: Indeedee-Angel|84\/100|[from] item: Leftovers
|upkeep
|turn|39
|
|t:|1688753698
|move|p1a: Articuno-Tsunami|Roost|p1a: Articuno-Tsunami
|-heal|p1a: Articuno-Tsunami|72\/100
|-singleturn|p1a: Articuno-Tsunami|move: Roost
|move|p2a: Indeedee-Angel|Moonblast|p1a: Articuno-Tsunami
|-damage|p1a: Articuno-Tsunami|32\/100
|
|-heal|p2a: Indeedee-Angel|90\/100|[from] item: Leftovers
|upkeep
|turn|40
|
|t:|1688753703
|move|p1a: Articuno-Tsunami|Roost|p1a: Articuno-Tsunami
|-heal|p1a: Articuno-Tsunami|82\/100
|-singleturn|p1a: Articuno-Tsunami|move: Roost
|move|p2a: Indeedee-Angel|Moonblast|p1a: Articuno-Tsunami
|-damage|p1a: Articuno-Tsunami|43\/100
|-unboost|p1a: Articuno-Tsunami|spa|1
|
|-heal|p2a: Indeedee-Angel|96\/100|[from] item: Leftovers
|upkeep
|turn|41
|
|t:|1688753706
|move|p1a: Articuno-Tsunami|Roost|p1a: Articuno-Tsunami
|-heal|p1a: Articuno-Tsunami|93\/100
|-singleturn|p1a: Articuno-Tsunami|move: Roost
|move|p2a: Indeedee-Angel|Light Screen|p2a: Indeedee-Angel
|-sidestart|p2: Monai|move: Light Screen
|
|-heal|p2a: Indeedee-Angel|100\/100|[from] item: Leftovers
|upkeep
|turn|42
|
|t:|1688753709
|switch|p1a: Togedemaru|Togedemaru, M|100\/100
|-start|p1a: Togedemaru|typechange|Grass\/Steel|[silent]
|switch|p2a: Araquanid-Totem|Araquanid-Totem, F|100\/100
|-start|p2a: Araquanid-Totem|typechange|Poison\/Flying|[silent]
|raw|<ul class="utilichart"><li class="result"><span class="col pokemonnamecol" style="white-space: nowrap">Araquanid-Totem<\/span> <span class="col typecol"><img src="https:\/\/play.pokemonshowdown.com\/sprites\/types\/Poison.png" alt="Poison" height="14" width="32"><img src="https:\/\/play.pokemonshowdown.com\/sprites\/types\/Flying.png" alt="Flying" height="14" width="32"><\/span> <span style="float: left ; min-height: 26px"><span class="col abilitycol">Water Bubble \/ Water Absorb<\/span><span class="col abilitycol"><\/span><\/span><\/li><li style="clear: both"><\/li><\/ul>
|raw|<ul class="utilichart"><li class="result"><span style="float: left ; min-height: 26px"><span class="col statcol"><em>HP<\/em><br>84<\/span> <span class="col statcol"><em>Atk<\/em><br>65<\/span> <span class="col statcol"><em>Def<\/em><br>122<\/span> <span class="col statcol"><em>SpA<\/em><br>110<\/span> <span class="col statcol"><em>SpD<\/em><br>87<\/span> <span class="col statcol"><em>Spe<\/em><br>57<\/span> <\/span><\/li><li style="clear: both"><\/li><\/ul>
|
|upkeep
|turn|43
|
|t:|1688753717
|move|p1a: Togedemaru|Wish|p1a: Togedemaru
|move|p2a: Araquanid-Totem|Nasty Plot|p2a: Araquanid-Totem
|-boost|p2a: Araquanid-Totem|spa|2
|
|upkeep
|turn|44
|
|t:|1688753726
|switch|p1a: Lurantio|Lurantio, F|94\/100 brn
|-start|p1a: Lurantio|typechange|Fairy\/Steel|[silent]
|-ability|p1a: Lurantio|Intrepid Sword|boost
|-boost|p1a: Lurantio|atk|1
|move|p2a: Araquanid-Totem|Toxic Spikes|p1a: Lurantio
|-sidestart|p1: Ainzcrad|move: Toxic Spikes
|
|-heal|p1a: Lurantio|100\/100 brn|[from] move: Wish|[wisher] Togedemaru
|-damage|p1a: Lurantio|94\/100 brn|[from] brn
|upkeep
|turn|45
|
|t:|1688753738
|switch|p2a: Pikachu-Hoenn|Pikachu-Hoenn, M|91\/100
|-start|p2a: Pikachu-Hoenn|typechange|Dark\/Steel|[silent]
|-ability|p2a: Pikachu-Hoenn|Intimidate|boost
|-unboost|p1a: Lurantio|atk|1
|move|p1a: Lurantio|Iron Head|p2a: Pikachu-Hoenn
|-resisted|p2a: Pikachu-Hoenn
|-damage|p2a: Pikachu-Hoenn|82\/100
|
|-damage|p1a: Lurantio|88\/100 brn|[from] brn
|-sideend|p2: Monai|move: Light Screen
|upkeep
|turn|46
|
|t:|1688753745
|switch|p1a: Togedemaru|Togedemaru, M|100\/100
|-start|p1a: Togedemaru|typechange|Grass\/Steel|[silent]
|move|p2a: Pikachu-Hoenn|Wish|p2a: Pikachu-Hoenn
|
|upkeep
|turn|47
|
|t:|1688753749
|switch|p1a: Articuno-Tsunami|Articuno-Tsunami, F|93\/100
|-start|p1a: Articuno-Tsunami|typechange|Water\/Flying|[silent]
|move|p2a: Pikachu-Hoenn|Knock Off|p1a: Articuno-Tsunami
|-damage|p1a: Articuno-Tsunami|79\/100
|
|-heal|p2a: Pikachu-Hoenn|100\/100|[from] move: Wish|[wisher] Pikachu-Hoenn
|upkeep
|turn|48
|
|t:|1688753753
|switch|p1a: Togedemaru|Togedemaru, M|100\/100
|-start|p1a: Togedemaru|typechange|Grass\/Steel|[silent]
|move|p2a: Pikachu-Hoenn|Will-O-Wisp|p1a: Togedemaru
|-status|p1a: Togedemaru|brn
|
|-damage|p1a: Togedemaru|94\/100 brn|[from] brn
|upkeep
|turn|49
|
|t:|1688753756
|move|p2a: Pikachu-Hoenn|Knock Off|p1a: Togedemaru
|-damage|p1a: Togedemaru|64\/100 brn
|-damage|p2a: Pikachu-Hoenn|88\/100|[from] ability: Spiky and Round|[of] p1a: Togedemaru
|-enditem|p1a: Togedemaru|Leftovers|[from] move: Knock Off|[of] p2a: Pikachu-Hoenn
|move|p1a: Togedemaru|Rapid Spin|p2a: Pikachu-Hoenn
|-resisted|p2a: Pikachu-Hoenn
|-damage|p2a: Pikachu-Hoenn|86\/100
|-boost|p1a: Togedemaru|spe|1
|-sideend|p1: Ainzcrad|Toxic Spikes|[from] move: Rapid Spin|[of] p1a: Togedemaru
|
|-damage|p1a: Togedemaru|57\/100 brn|[from] brn
|upkeep
|turn|50
|
|t:|1688753761
|switch|p2a: Araquanid-Totem|Araquanid-Totem, F|100\/100
|-start|p2a: Araquanid-Totem|typechange|Poison\/Flying|[silent]
|move|p1a: Togedemaru|Wish|p1a: Togedemaru
|
|-damage|p1a: Togedemaru|51\/100 brn|[from] brn
|upkeep
|turn|51
|
|t:|1688753763
|switch|p1a: Toxtricity-Low-Key|Toxtricity-Low-Key, F|100\/100
|-start|p1a: Toxtricity-Low-Key|typechange|Electric\/Dragon|[silent]
|raw|<ul class="utilichart"><li class="result"><span class="col pokemonnamecol" style="white-space: nowrap">Toxtricity-Low-Key<\/span> <span class="col typecol"><img src="https:\/\/play.pokemonshowdown.com\/sprites\/types\/Electric.png" alt="Electric" height="14" width="32"><img src="https:\/\/play.pokemonshowdown.com\/sprites\/types\/Dragon.png" alt="Dragon" height="14" width="32"><\/span> <span style="float: left ; min-height: 26px"><span class="col abilitycol">Infiltrator \/ Lightning Rod \/ Energy Loop<\/span><span class="col abilitycol"><\/span><\/span><\/li><li style="clear: both"><\/li><\/ul>
|raw|<ul class="utilichart"><li class="result"><span style="float: left ; min-height: 26px"><span class="col statcol"><em>HP<\/em><br>102<\/span> <span class="col statcol"><em>Atk<\/em><br>92<\/span> <span class="col statcol"><em>Def<\/em><br>70<\/span> <span class="col statcol"><em>SpA<\/em><br>102<\/span> <span class="col statcol"><em>SpD<\/em><br>70<\/span> <span class="col statcol"><em>Spe<\/em><br>106<\/span> <\/span><\/li><li style="clear: both"><\/li><\/ul>
|move|p2a: Araquanid-Totem|Toxic Spikes|p1a: Toxtricity-Low-Key
|-sidestart|p1: Ainzcrad|move: Toxic Spikes
|
|upkeep
|turn|52
|
|t:|1688753768
|switch|p2a: Indeedee-Angel|Indeedee-Angel, F|100\/100
|-start|p2a: Indeedee-Angel|typechange|Normal\/Fairy|[silent]
|move|p1a: Toxtricity-Low-Key|Overdrive|p2a: Indeedee-Angel
|-damage|p2a: Indeedee-Angel|58\/100
|
|-heal|p2a: Indeedee-Angel|65\/100|[from] item: Leftovers
|upkeep
|turn|53
|
|t:|1688753771
|move|p1a: Toxtricity-Low-Key|Overdrive|p2a: Indeedee-Angel
|-damage|p2a: Indeedee-Angel|26\/100
|move|p2a: Indeedee-Angel|Recover|p2a: Indeedee-Angel
|-heal|p2a: Indeedee-Angel|76\/100
|
|-heal|p2a: Indeedee-Angel|82\/100|[from] item: Leftovers
|upkeep
|turn|54
|
|t:|1688753773
|move|p1a: Toxtricity-Low-Key|Overdrive|p2a: Indeedee-Angel
|-damage|p2a: Indeedee-Angel|43\/100
|move|p2a: Indeedee-Angel|Light Screen|p2a: Indeedee-Angel
|-sidestart|p2: Monai|move: Light Screen
|
|-heal|p2a: Indeedee-Angel|49\/100|[from] item: Leftovers
|upkeep
|turn|55
|
|t:|1688753776
|switch|p1a: Togedemaru|Togedemaru, M|51\/100 brn
|-start|p1a: Togedemaru|typechange|Grass\/Steel|[silent]
|move|p2a: Indeedee-Angel|Recover|p2a: Indeedee-Angel
|-heal|p2a: Indeedee-Angel|99\/100
|
|-heal|p2a: Indeedee-Angel|100\/100|[from] item: Leftovers
|-damage|p1a: Togedemaru|45\/100 brn|[from] brn
|upkeep
|turn|56
|
|t:|1688753788
|switch|p2a: Lurantis|Lurantis, F|100\/100
|-start|p2a: Lurantis|typechange|Fighting|[silent]
|move|p1a: Togedemaru|Wish|p1a: Togedemaru
|
|-damage|p1a: Togedemaru|39\/100 brn|[from] brn
|upkeep
|turn|57
|
|t:|1688753793
|switch|p1a: Articuno-Tsunami|Articuno-Tsunami, F|79\/100
|-start|p1a: Articuno-Tsunami|typechange|Water\/Flying|[silent]
|switch|p2a: Pikachu-Hoenn|Pikachu-Hoenn, M|86\/100
|-start|p2a: Pikachu-Hoenn|typechange|Dark\/Steel|[silent]
|-ability|p2a: Pikachu-Hoenn|Intimidate|boost
|-unboost|p1a: Articuno-Tsunami|atk|1
|
|-heal|p1a: Articuno-Tsunami|100\/100|[from] move: Wish|[wisher] Togedemaru
|upkeep
|turn|58
|
|t:|1688753798
|move|p2a: Pikachu-Hoenn|Will-O-Wisp|p1a: Articuno-Tsunami
|-status|p1a: Articuno-Tsunami|brn
|move|p1a: Articuno-Tsunami|Scald|p2a: Pikachu-Hoenn
|-damage|p2a: Pikachu-Hoenn|69\/100
|-status|p2a: Pikachu-Hoenn|brn
|
|-damage|p2a: Pikachu-Hoenn|63\/100 brn|[from] brn
|-damage|p1a: Articuno-Tsunami|94\/100 brn|[from] brn
|-sideend|p2: Monai|move: Light Screen
|upkeep
|turn|59
|
|t:|1688753802
|switch|p1a: Togedemaru|Togedemaru, M|39\/100 brn
|-start|p1a: Togedemaru|typechange|Grass\/Steel|[silent]
|move|p2a: Pikachu-Hoenn|Slack Off|p2a: Pikachu-Hoenn
|-heal|p2a: Pikachu-Hoenn|100\/100 brn
|
|-damage|p2a: Pikachu-Hoenn|94\/100 brn|[from] brn
|-damage|p1a: Togedemaru|33\/100 brn|[from] brn
|upkeep
|turn|60
|
|t:|1688753804
|switch|p2a: Lurantis|Lurantis, F|100\/100
|-start|p2a: Lurantis|typechange|Fighting|[silent]
|move|p1a: Togedemaru|Wish|p1a: Togedemaru
|
|-damage|p1a: Togedemaru|27\/100 brn|[from] brn
|upkeep
|turn|61
|
|t:|1688753807
|move|p1a: Togedemaru|Spiky Shield|p1a: Togedemaru
|-singleturn|p1a: Togedemaru|move: Protect
|move|p2a: Lurantis|Aromatherapy|p2a: Lurantis
|-activate|p2a: Lurantis|move: Aromatherapy
|-curestatus|p2: Togedemaru|brn|[msg]
|-curestatus|p2: Pikachu-Hoenn|brn|[msg]
|
|-heal|p1a: Togedemaru|77\/100 brn|[from] move: Wish|[wisher] Togedemaru
|-damage|p1a: Togedemaru|71\/100 brn|[from] brn
|upkeep
|turn|62
|
|t:|1688753812
|move|p1a: Togedemaru|Wish|p1a: Togedemaru
|move|p2a: Lurantis|Ghost Bite||[still]
|-anim|p2a: Lurantis|Bug Bite|p1a: Togedemaru
|-supereffective|p1a: Togedemaru
|-damage|p1a: Togedemaru|13\/100 brn
|-damage|p2a: Lurantis|88\/100|[from] ability: Spiky and Round|[of] p1a: Togedemaru
|
|-damage|p1a: Togedemaru|7\/100 brn|[from] brn
|upkeep
|turn|63
|l| hkojhokjh
|
|t:|1688753818
|switch|p1a: Articuno-Tsunami|Articuno-Tsunami, F|94\/100
|-start|p1a: Articuno-Tsunami|typechange|Water\/Flying|[silent]
|switch|p2a: Togedemaru|Togedemaru, M|94\/100
|-start|p2a: Togedemaru|typechange|Grass\/Steel|[silent]
|
|-heal|p1a: Articuno-Tsunami|100\/100|[from] move: Wish|[wisher] Togedemaru
|upkeep
|turn|64
|
|t:|1688753823
|switch|p1a: Lurantio|Lurantio, F|88\/100 brn
|-start|p1a: Lurantio|typechange|Fairy\/Steel|[silent]
|-ability|p1a: Lurantio|Intrepid Sword|boost
|-boost|p1a: Lurantio|atk|1
|move|p2a: Togedemaru|Stealth Rock|p1a: Lurantio
|-sidestart|p1: Ainzcrad|move: Stealth Rock
|
|-damage|p1a: Lurantio|82\/100 brn|[from] brn
|upkeep
|turn|65
|
|t:|1688753829
|switch|p2a: Pikachu-Hoenn|Pikachu-Hoenn, M|94\/100
|-start|p2a: Pikachu-Hoenn|typechange|Dark\/Steel|[silent]
|-ability|p2a: Pikachu-Hoenn|Intimidate|boost
|-unboost|p1a: Lurantio|atk|1
|move|p1a: Lurantio|Superpower|p2a: Pikachu-Hoenn
|-supereffective|p2a: Pikachu-Hoenn
|-damage|p2a: Pikachu-Hoenn|8\/100
|-unboost|p1a: Lurantio|atk|1
|-unboost|p1a: Lurantio|def|1
|
|-damage|p1a: Lurantio|76\/100 brn|[from] brn
|upkeep
|turn|66
|
|t:|1688753852
|switch|p2a: Lurantis|Lurantis, F|88\/100
|-start|p2a: Lurantis|typechange|Fighting|[silent]
|move|p1a: Lurantio|Superpower|p2a: Lurantis
|-damage|p2a: Lurantis|83\/100
|-unboost|p1a: Lurantio|atk|1
|-unboost|p1a: Lurantio|def|1
|
|-damage|p1a: Lurantio|70\/100 brn|[from] brn
|upkeep
|turn|67
|
|t:|1688753856
|switch|p1a: Articuno-Tsunami|Articuno-Tsunami, F|100\/100
|-start|p1a: Articuno-Tsunami|typechange|Water\/Flying|[silent]
|-damage|p1a: Articuno-Tsunami|76\/100|[from] Stealth Rock
|switch|p2a: Pikachu-Hoenn|Pikachu-Hoenn, M|8\/100
|-start|p2a: Pikachu-Hoenn|typechange|Dark\/Steel|[silent]
|-ability|p2a: Pikachu-Hoenn|Intimidate|boost
|-unboost|p1a: Articuno-Tsunami|atk|1
|
|upkeep
|turn|68
|
|t:|1688753868
|move|p2a: Pikachu-Hoenn|Slack Off|p2a: Pikachu-Hoenn
|-heal|p2a: Pikachu-Hoenn|58\/100
|move|p1a: Articuno-Tsunami|Scald|p2a: Pikachu-Hoenn
|-damage|p2a: Pikachu-Hoenn|28\/100
|-status|p2a: Pikachu-Hoenn|brn
|
|-damage|p2a: Pikachu-Hoenn|22\/100 brn|[from] brn
|upkeep
|turn|69
|
|t:|1688753870
|move|p2a: Pikachu-Hoenn|Slack Off|p2a: Pikachu-Hoenn
|-heal|p2a: Pikachu-Hoenn|72\/100 brn
|move|p1a: Articuno-Tsunami|Calm Mind|p1a: Articuno-Tsunami
|-boost|p1a: Articuno-Tsunami|spa|1
|-boost|p1a: Articuno-Tsunami|spd|1
|
|-damage|p2a: Pikachu-Hoenn|65\/100 brn|[from] brn
|upkeep
|turn|70
|
|t:|1688753879
|switch|p2a: Indeedee-Angel|Indeedee-Angel, F|100\/100
|-start|p2a: Indeedee-Angel|typechange|Normal\/Fairy|[silent]
|move|p1a: Articuno-Tsunami|Calm Mind|p1a: Articuno-Tsunami
|-boost|p1a: Articuno-Tsunami|spa|1
|-boost|p1a: Articuno-Tsunami|spd|1
|
|upkeep
|turn|71
|
|t:|1688753881
|move|p1a: Articuno-Tsunami|Scald|p2a: Indeedee-Angel
|-damage|p2a: Indeedee-Angel|80\/100
|move|p2a: Indeedee-Angel|Light Screen|p2a: Indeedee-Angel
|-sidestart|p2: Monai|move: Light Screen
|
|-heal|p2a: Indeedee-Angel|86\/100|[from] item: Leftovers
|upkeep
|turn|72
|j| Clas
|
|t:|1688753888
|move|p1a: Articuno-Tsunami|Scald|p2a: Indeedee-Angel
|-damage|p2a: Indeedee-Angel|75\/100
|move|p2a: Indeedee-Angel|Moonblast|p1a: Articuno-Tsunami
|-damage|p1a: Articuno-Tsunami|40\/100
|-unboost|p1a: Articuno-Tsunami|spa|1
|
|-heal|p2a: Indeedee-Angel|81\/100|[from] item: Leftovers
|upkeep
|turn|73
|
|t:|1688753891
|move|p1a: Articuno-Tsunami|Roost|p1a: Articuno-Tsunami
|-heal|p1a: Articuno-Tsunami|90\/100
|-singleturn|p1a: Articuno-Tsunami|move: Roost
|move|p2a: Indeedee-Angel|Moonblast|p1a: Articuno-Tsunami
|-damage|p1a: Articuno-Tsunami|50\/100
|-unboost|p1a: Articuno-Tsunami|spa|1
|
|-heal|p2a: Indeedee-Angel|87\/100|[from] item: Leftovers
|upkeep
|turn|74
|
|t:|1688753895
|move|p1a: Articuno-Tsunami|Roost|p1a: Articuno-Tsunami
|-heal|p1a: Articuno-Tsunami|99\/100
|-singleturn|p1a: Articuno-Tsunami|move: Roost
|move|p2a: Indeedee-Angel|Moonblast|p1a: Articuno-Tsunami
|-damage|p1a: Articuno-Tsunami|61\/100
|-unboost|p1a: Articuno-Tsunami|spa|1
|
|-heal|p2a: Indeedee-Angel|93\/100|[from] item: Leftovers
|upkeep
|turn|75
|
|t:|1688753898
|switch|p1a: Wishiwashi-Lonesom|Wishiwashi-Lonesome, F|100\/100
|-damage|p1a: Wishiwashi-Lonesom|94\/100|[from] Stealth Rock
|-start|p1a: Wishiwashi-Lonesom|typechange|Steel\/Ghost|[silent]
|move|p2a: Indeedee-Angel|Moonblast|p1a: Wishiwashi-Lonesom
|-resisted|p1a: Wishiwashi-Lonesom
|-damage|p1a: Wishiwashi-Lonesom|71\/100
|
|-heal|p2a: Indeedee-Angel|99\/100|[from] item: Leftovers
|-sideend|p2: Monai|move: Light Screen
|upkeep
|turn|76
|
|t:|1688753903
|switch|p2a: Togedemaru|Togedemaru, M|94\/100
|-start|p2a: Togedemaru|typechange|Grass\/Steel|[silent]
|move|p1a: Wishiwashi-Lonesom|Flash Cannon|p2a: Togedemaru
|-resisted|p2a: Togedemaru
|-damage|p2a: Togedemaru|67\/100
|
|upkeep
|turn|77
|
|t:|1688753906
|move|p1a: Wishiwashi-Lonesom|Flash Cannon|p2a: Togedemaru
|-resisted|p2a: Togedemaru
|-damage|p2a: Togedemaru|42\/100
|-unboost|p2a: Togedemaru|spd|1
|move|p2a: Togedemaru|Wish|p2a: Togedemaru
|
|upkeep
|turn|78
|
|t:|1688753910
|-end|p1a: Wishiwashi-Lonesom|fallenundefined|[silent]
|switch|p1a: Togedemaru|Togedemaru, M|7\/100 brn
|-start|p1a: Togedemaru|typechange|Grass\/Steel|[silent]
|-damage|p1a: Togedemaru|0 fnt|[from] Stealth Rock
|faint|p1a: Togedemaru
|move|p2a: Togedemaru|Spiky Shield||[still]
|-fail|p2a: Togedemaru
|
|-heal|p2a: Togedemaru|92\/100|[from] move: Wish|[wisher] Togedemaru
|upkeep
|
|t:|1688753930
|switch|p1a: Toxtricity-Low-Key|Toxtricity-Low-Key, F|100\/100
|-status|p1a: Toxtricity-Low-Key|psn
|-damage|p1a: Toxtricity-Low-Key|88\/100 psn|[from] Stealth Rock
|-start|p1a: Toxtricity-Low-Key|typechange|Electric\/Dragon|[silent]
|turn|79
|
|t:|1688753936
|move|p2a: Togedemaru|Spiky Shield|p2a: Togedemaru
|-singleturn|p2a: Togedemaru|move: Protect
|move|p1a: Toxtricity-Low-Key|Overdrive|p2a: Togedemaru
|-heal|p1a: Toxtricity-Low-Key|94\/100 psn|[from] ability: Energy Loop|[of] p2a: Togedemaru
|-activate|p2a: Togedemaru|move: Protect
|
|-damage|p1a: Toxtricity-Low-Key|82\/100 psn|[from] psn
|upkeep
|turn|80
|
|t:|1688753941
|move|p1a: Toxtricity-Low-Key|Overdrive|p2a: Togedemaru
|-heal|p1a: Toxtricity-Low-Key|88\/100 psn|[from] ability: Energy Loop|[of] p2a: Togedemaru
|-resisted|p2a: Togedemaru
|-damage|p2a: Togedemaru|53\/100
|move|p2a: Togedemaru|Wish|p2a: Togedemaru
|
|-damage|p1a: Toxtricity-Low-Key|75\/100 psn|[from] psn
|upkeep
|turn|81
|
|t:|1688753945
|move|p2a: Togedemaru|Spiky Shield|p2a: Togedemaru
|-singleturn|p2a: Togedemaru|move: Protect
|move|p1a: Toxtricity-Low-Key|Overdrive|p2a: Togedemaru
|-heal|p1a: Toxtricity-Low-Key|81\/100 psn|[from] ability: Energy Loop|[of] p2a: Togedemaru
|-activate|p2a: Togedemaru|move: Protect
|
|-heal|p2a: Togedemaru|100\/100|[from] move: Wish|[wisher] Togedemaru
|-damage|p1a: Toxtricity-Low-Key|69\/100 psn|[from] psn
|upkeep
|turn|82
|
|t:|1688753949
|move|p1a: Toxtricity-Low-Key|Overdrive|p2a: Togedemaru
|-heal|p1a: Toxtricity-Low-Key|75\/100 psn|[from] ability: Energy Loop|[of] p2a: Togedemaru
|-resisted|p2a: Togedemaru
|-damage|p2a: Togedemaru|67\/100
|move|p2a: Togedemaru|Wish|p2a: Togedemaru
|
|-damage|p1a: Toxtricity-Low-Key|63\/100 psn|[from] psn
|upkeep
|turn|83
|
|t:|1688753954
|switch|p1a: Urshifu|Urshifu, M|54\/100 brn
|-start|p1a: Urshifu|typechange|Dark\/Ground|[silent]
|-damage|p1a: Urshifu|48\/100 brn|[from] Stealth Rock
|move|p2a: Togedemaru|Spiky Shield||[still]
|-fail|p2a: Togedemaru
|
|-heal|p2a: Togedemaru|100\/100|[from] move: Wish|[wisher] Togedemaru
|-damage|p1a: Urshifu|41\/100 brn|[from] brn
|upkeep
|turn|84
|
|t:|1688753957
|move|p2a: Togedemaru|Wish|p2a: Togedemaru
|move|p1a: Urshifu|Stealth Rock|p2a: Togedemaru
|-sidestart|p2: Monai|move: Stealth Rock
|
|-damage|p1a: Urshifu|35\/100 brn|[from] brn
|upkeep
|turn|85
|
|t:|1688753960
|switch|p2a: Pikachu-Hoenn|Pikachu-Hoenn, M|65\/100 brn
|-start|p2a: Pikachu-Hoenn|typechange|Dark\/Steel|[silent]
|-damage|p2a: Pikachu-Hoenn|59\/100 brn|[from] Stealth Rock
|-ability|p2a: Pikachu-Hoenn|Intimidate|boost
|-unboost|p1a: Urshifu|atk|1
|move|p1a: Urshifu|Earthquake|p2a: Pikachu-Hoenn
|-supereffective|p2a: Pikachu-Hoenn
|-damage|p2a: Pikachu-Hoenn|36\/100 brn
|
|-heal|p2a: Pikachu-Hoenn|85\/100 brn|[from] move: Wish|[wisher] Togedemaru
|-damage|p2a: Pikachu-Hoenn|79\/100 brn|[from] brn
|-damage|p1a: Urshifu|29\/100 brn|[from] brn
|upkeep
|turn|86
|
|t:|1688753964
|move|p2a: Pikachu-Hoenn|Wish|p2a: Pikachu-Hoenn
|move|p1a: Urshifu|Parting Shot|p2a: Pikachu-Hoenn
|-unboost|p2a: Pikachu-Hoenn|atk|1
|-unboost|p2a: Pikachu-Hoenn|spa|1
|
|t:|1688753968
|switch|p1a: Toxtricity-Low-Key|Toxtricity-Low-Key, F|63\/100 psn|[from]move: Parting Shot
|-start|p1a: Toxtricity-Low-Key|typechange|Electric\/Dragon|[silent]
|-damage|p1a: Toxtricity-Low-Key|50\/100 psn|[from] Stealth Rock
|
|-damage|p1a: Toxtricity-Low-Key|38\/100 psn|[from] psn
|-damage|p2a: Pikachu-Hoenn|72\/100 brn|[from] brn
|upkeep
|turn|87
|
|t:|1688753975
|switch|p2a: Indeedee-Angel|Indeedee-Angel, F|99\/100
|-damage|p2a: Indeedee-Angel|87\/100|[from] Stealth Rock
|-start|p2a: Indeedee-Angel|typechange|Normal\/Fairy|[silent]
|move|p1a: Toxtricity-Low-Key|Healing Wish|p1a: Toxtricity-Low-Key
|faint|p1a: Toxtricity-Low-Key
|
|-heal|p2a: Indeedee-Angel|100\/100|[from] move: Wish|[wisher] Pikachu-Hoenn
|upkeep
|
|t:|1688753979
|switch|p1a: Lurantio|Lurantio, F|70\/100 brn
|-heal|p1a: Lurantio|100\/100|[from] move: Healing Wish
|-damage|p1a: Lurantio|94\/100|[from] Stealth Rock
|-start|p1a: Lurantio|typechange|Fairy\/Steel|[silent]
|-ability|p1a: Lurantio|Intrepid Sword|boost
|-boost|p1a: Lurantio|atk|1
|turn|88
|
|t:|1688753992
|switch|p2a: Pikachu-Hoenn|Pikachu-Hoenn, M|72\/100 brn
|-damage|p2a: Pikachu-Hoenn|66\/100 brn|[from] Stealth Rock
|-start|p2a: Pikachu-Hoenn|typechange|Dark\/Steel|[silent]
|-ability|p2a: Pikachu-Hoenn|Intimidate|boost
|-unboost|p1a: Lurantio|atk|1
|move|p1a: Lurantio|Iron Head|p2a: Pikachu-Hoenn
|-resisted|p2a: Pikachu-Hoenn
|-damage|p2a: Pikachu-Hoenn|45\/100 brn
|
|-damage|p2a: Pikachu-Hoenn|39\/100 brn|[from] brn
|upkeep
|turn|89
|
|t:|1688753997
|switch|p1a: Articuno-Tsunami|Articuno-Tsunami, F|61\/100
|-damage|p1a: Articuno-Tsunami|37\/100|[from] Stealth Rock
|-start|p1a: Articuno-Tsunami|typechange|Water\/Flying|[silent]
|move|p2a: Pikachu-Hoenn|Slack Off|p2a: Pikachu-Hoenn
|-heal|p2a: Pikachu-Hoenn|89\/100 brn
|
|-damage|p2a: Pikachu-Hoenn|83\/100 brn|[from] brn
|upkeep
|turn|90
|
|t:|1688754020
|switch|p2a: Indeedee-Angel|Indeedee-Angel, F|100\/100
|-damage|p2a: Indeedee-Angel|88\/100|[from] Stealth Rock
|-start|p2a: Indeedee-Angel|typechange|Normal\/Fairy|[silent]
|move|p1a: Articuno-Tsunami|Roost|p1a: Articuno-Tsunami
|-heal|p1a: Articuno-Tsunami|87\/100
|-singleturn|p1a: Articuno-Tsunami|move: Roost
|
|-heal|p2a: Indeedee-Angel|94\/100|[from] item: Leftovers
|upkeep
|turn|91
|
|t:|1688754027
|switch|p1a: Urshifu|Urshifu, M|29\/100 brn
|-start|p1a: Urshifu|typechange|Dark\/Ground|[silent]
|-damage|p1a: Urshifu|23\/100 brn|[from] Stealth Rock
|move|p2a: Indeedee-Angel|Knock Off|p1a: Urshifu
|-resisted|p1a: Urshifu
|-damage|p1a: Urshifu|21\/100 brn
|-damage|p2a: Indeedee-Angel|82\/100|[from] ability: Rough Skin|[of] p1a: Urshifu
|
|-heal|p2a: Indeedee-Angel|88\/100|[from] item: Leftovers
|-damage|p1a: Urshifu|15\/100 brn|[from] brn
|upkeep
|turn|92
|
|t:|1688754034
|move|p2a: Indeedee-Angel|Moonblast|p1a: Urshifu
|-supereffective|p1a: Urshifu
|-damage|p1a: Urshifu|0 fnt
|faint|p1a: Urshifu
|
|-heal|p2a: Indeedee-Angel|94\/100|[from] item: Leftovers
|upkeep
|
|t:|1688754036
|switch|p1a: Lurantio|Lurantio, F|94\/100
|-start|p1a: Lurantio|typechange|Fairy\/Steel|[silent]
|-damage|p1a: Lurantio|88\/100|[from] Stealth Rock
|-ability|p1a: Lurantio|Intrepid Sword|boost
|-boost|p1a: Lurantio|atk|1
|turn|93
|
|t:|1688754046
|switch|p2a: Pikachu-Hoenn|Pikachu-Hoenn, M|83\/100 brn
|-start|p2a: Pikachu-Hoenn|typechange|Dark\/Steel|[silent]
|-damage|p2a: Pikachu-Hoenn|77\/100 brn|[from] Stealth Rock
|-ability|p2a: Pikachu-Hoenn|Intimidate|boost
|-unboost|p1a: Lurantio|atk|1
|move|p1a: Lurantio|Superpower|p2a: Pikachu-Hoenn
|-supereffective|p2a: Pikachu-Hoenn
|-damage|p2a: Pikachu-Hoenn|0 fnt
|-unboost|p1a: Lurantio|atk|1
|-unboost|p1a: Lurantio|def|1
|faint|p2a: Pikachu-Hoenn
|
|upkeep
|
|t:|1688754052
|switch|p2a: Araquanid-Totem|Araquanid-Totem, F|100\/100
|-start|p2a: Araquanid-Totem|typechange|Poison\/Flying|[silent]
|turn|94
|
|t:|1688754059
|switch|p1a: Articuno-Tsunami|Articuno-Tsunami, F|87\/100
|-damage|p1a: Articuno-Tsunami|62\/100|[from] Stealth Rock
|-start|p1a: Articuno-Tsunami|typechange|Water\/Flying|[silent]
|move|p2a: Araquanid-Totem|Hurricane|p1a: Articuno-Tsunami
|-damage|p1a: Articuno-Tsunami|14\/100
|
|upkeep
|turn|95
|
|t:|1688754068
|move|p1a: Articuno-Tsunami|Roost|p1a: Articuno-Tsunami
|-heal|p1a: Articuno-Tsunami|64\/100
|-singleturn|p1a: Articuno-Tsunami|move: Roost
|move|p2a: Araquanid-Totem|Nasty Plot|p2a: Araquanid-Totem
|-boost|p2a: Araquanid-Totem|spa|2
|
|upkeep
|turn|96
|
|t:|1688754071
|move|p1a: Articuno-Tsunami|Calm Mind|p1a: Articuno-Tsunami
|-boost|p1a: Articuno-Tsunami|spa|1
|-boost|p1a: Articuno-Tsunami|spd|1
|move|p2a: Araquanid-Totem|Hurricane|p1a: Articuno-Tsunami|[miss]
|-miss|p2a: Araquanid-Totem|p1a: Articuno-Tsunami
|
|upkeep
|turn|97
|
|t:|1688754073
|move|p1a: Articuno-Tsunami|Scald|p2a: Araquanid-Totem
|-immune|p2a: Araquanid-Totem|[from] ability: Water Absorb
|move|p2a: Araquanid-Totem|Hurricane|p1a: Articuno-Tsunami
|-damage|p1a: Articuno-Tsunami|0 fnt
|faint|p1a: Articuno-Tsunami
|
|upkeep
|
|t:|1688754080
|switch|p1a: Lurantio|Lurantio, F|88\/100
|-damage|p1a: Lurantio|82\/100|[from] Stealth Rock
|-start|p1a: Lurantio|typechange|Fairy\/Steel|[silent]
|-ability|p1a: Lurantio|Intrepid Sword|boost
|-boost|p1a: Lurantio|atk|1
|turn|98
|
|t:|1688754083
|move|p1a: Lurantio|Iron Head|p2a: Araquanid-Totem
|-damage|p2a: Araquanid-Totem|57\/100
|cant|p2a: Araquanid-Totem|flinch
|
|upkeep
|turn|99
|
|t:|1688754087
|switch|p2a: Togedemaru|Togedemaru, M|100\/100
|-start|p2a: Togedemaru|typechange|Grass\/Steel|[silent]
|-damage|p2a: Togedemaru|94\/100|[from] Stealth Rock
|move|p1a: Lurantio|Iron Head|p2a: Togedemaru
|-resisted|p2a: Togedemaru
|-damage|p2a: Togedemaru|73\/100
|-damage|p1a: Lurantio|70\/100|[from] ability: Spiky and Round|[of] p2a: Togedemaru
|
|upkeep
|turn|100
|
|t:|1688754089
|switch|p1a: Wishiwashi-Lonesom|Wishiwashi-Lonesome, F|71\/100
|-damage|p1a: Wishiwashi-Lonesom|65\/100|[from] Stealth Rock
|-start|p1a: Wishiwashi-Lonesom|typechange|Steel\/Ghost|[silent]
|-activate|p1a: Wishiwashi-Lonesom|ability: Supreme Overlord
|-start|p1a: Wishiwashi-Lonesom|fallen4|[silent]
|move|p2a: Togedemaru|Wish|p2a: Togedemaru
|
|upkeep
|turn|101
|
|t:|1688754096
|move|p2a: Togedemaru|Spiky Shield|p2a: Togedemaru
|-singleturn|p2a: Togedemaru|move: Protect
|move|p1a: Wishiwashi-Lonesom|Flash Cannon|p2a: Togedemaru
|-activate|p2a: Togedemaru|move: Protect
|
|-heal|p2a: Togedemaru|100\/100|[from] move: Wish|[wisher] Togedemaru
|upkeep
|turn|102
|
|t:|1688754101
|move|p1a: Wishiwashi-Lonesom|Flash Cannon|p2a: Togedemaru
|-resisted|p2a: Togedemaru
|-damage|p2a: Togedemaru|68\/100
|-unboost|p2a: Togedemaru|spd|1
|move|p2a: Togedemaru|Wish|p2a: Togedemaru
|
|upkeep
|turn|103
|
|t:|1688754108
|move|p2a: Togedemaru|Spiky Shield|p2a: Togedemaru
|-singleturn|p2a: Togedemaru|move: Protect
|move|p1a: Wishiwashi-Lonesom|Flash Cannon|p2a: Togedemaru
|-activate|p2a: Togedemaru|move: Protect
|
|-heal|p2a: Togedemaru|100\/100|[from] move: Wish|[wisher] Togedemaru
|upkeep
|turn|104
|j| spellcaster
|n|‽Sexless Troll|monaiplaysfucktier
|j|‽Sexless Troll
|inactive|Monai has 270 seconds left.
|inactive|Monai has 240 seconds left.
|j| alt ex blows
|inactive|Monai has 210 seconds left.
|inactive|Monai has 180 seconds left.
|j| MangoSteak
|
|t:|1688754242
|switch|p2a: Araquanid-Totem|Araquanid-Totem, F|57\/100
|-start|p2a: Araquanid-Totem|typechange|Poison\/Flying|[silent]
|move|p1a: Wishiwashi-Lonesom|Flash Cannon|p2a: Araquanid-Totem
|-damage|p2a: Araquanid-Totem|0 fnt
|faint|p2a: Araquanid-Totem
|
|upkeep
|
|t:|1688754244
|switch|p2a: Lurantis|Lurantis, F|83\/100
|-start|p2a: Lurantis|typechange|Fighting|[silent]
|turn|105
|
|t:|1688754249
|move|p1a: Wishiwashi-Lonesom|Flash Cannon|p2a: Lurantis
|-damage|p2a: Lurantis|14\/100
|move|p2a: Lurantis|Ghost Bite||[still]
|-anim|p2a: Lurantis|Bug Bite|p1a: Wishiwashi-Lonesom
|-supereffective|p1a: Wishiwashi-Lonesom
|-damage|p1a: Wishiwashi-Lonesom|0 fnt
|faint|p1a: Wishiwashi-Lonesom
|-end|p1a: Wishiwashi-Lonesom|fallen4|[silent]
|
|upkeep
|
|t:|1688754251
|switch|p1a: Lurantio|Lurantio, F|70\/100
|-damage|p1a: Lurantio|64\/100|[from] Stealth Rock
|-start|p1a: Lurantio|typechange|Fairy\/Steel|[silent]
|-ability|p1a: Lurantio|Intrepid Sword|boost
|-boost|p1a: Lurantio|atk|1
|turn|106
|
|t:|1688754257
|move|p1a: Lurantio|Superpower|p2a: Lurantis
|-damage|p2a: Lurantis|0 fnt
|-unboost|p1a: Lurantio|atk|1
|-unboost|p1a: Lurantio|def|1
|faint|p2a: Lurantis
|
|upkeep
|
|t:|1688754263
|switch|p2a: Indeedee-Angel|Indeedee-Angel, F|94\/100
|-start|p2a: Indeedee-Angel|typechange|Normal\/Fairy|[silent]
|-damage|p2a: Indeedee-Angel|82\/100|[from] Stealth Rock
|turn|107
|
|t:|1688754270
|move|p1a: Lurantio|Superpower|p2a: Indeedee-Angel
|-damage|p2a: Indeedee-Angel|43\/100
|-unboost|p1a: Lurantio|atk|1
|-unboost|p1a: Lurantio|def|1
|move|p2a: Indeedee-Angel|Recover|p2a: Indeedee-Angel
|-heal|p2a: Indeedee-Angel|93\/100
|
|-heal|p2a: Indeedee-Angel|99\/100|[from] item: Leftovers
|upkeep
|turn|108
|c|☆Ainzcrad|gg
|-message|Ainzcrad forfeited.
|
|win|Monai
|c|☆Monai|gg
</script>
</div>
<div class="battle-log battle-log-inline"><div class="inner"><div class="battle-options"></div><div class="inner message-log"><div class="chat"><small>☆Ainzcrad and ☆Monai joined</small></div><div class=""><small>Format:</small> <br><strong>[Gen 8] Alternatium EX</strong></div><div class=""><small><em>HP Percentage Mod:</em> HP is shown in percentages</small></div><div class=""><small><em>Endless Battle Clause:</em> Forcing endless battles is banned</small></div><div class=""><small><em>OHKO Clause:</em> OHKO moves are banned</small></div><div class=""><small><em>Evasion Moves Clause:</em> Evasion moves are banned</small></div><div class=""><small><em>Dynamax Clause:</em> You cannot dynamax</small></div><div class=""><small><em>Sleep Clause Mod:</em> Limit one foe put to sleep</small></div><div class=""><small><em>Z-Move Clause:</em> Z-Moves are banned</small></div><div class="chat battle-history"><strong>Ainzcrad's team:</strong> <em style="color:#445566;display:block;">Toxtricity-Low-Key / Articuno-Tsunami / Urshifu / Togedemaru / Wishiwashi-Lonesome / Lurantio</em></div><div class="chat battle-history"><strong>Monai's team:</strong> <em style="color:#445566;display:block;">Urshifu-Erosion / Togedemaru / Araquanid-Totem / Indeedee-Angel / Lurantis / Pikachu-Hoenn</em></div><div class="chat"><small> it's just sparks joined</small></div><div class="chat chatmessage-ainzcrad"><strong style="color:#9f1fd6"><small>☆</small><span class="username" data-name="Ainzcrad">Ainzcrad</span>:</strong> <em>hf</em></div><div class="chat"><small>+Not mossy and  BeeOrSomething joined</small></div><div class="chat chatmessage-monai"><strong style="color:#b84696"><small>☆</small><span class="username" data-name="Monai">Monai</span>:</strong> <em>glhf dude</em></div><div class="chat"><small> amphamence,  OREO_WARIO,  TPPetMod, and  Lcaster joined</small></div><div class="chat message-error">Battle timer is ON: inactive players will automatically lose when time's up. (requested by Monai)</div><div class="chat"><small> Micciu and  dragonhell joined</small></div><div class="chat chatmessage-itsjustsparks"><strong style="color:#9b7d41"><small> </small><span class="username" data-name="it's just sparks">it's just sparks</span>:</strong> <em>gamers</em></div><div class="chat message-error">Monai has 270 seconds left.</div><div class="chat message-error">Ainzcrad has 270 seconds left.</div><div class="chat chatmessage-amphamence"><strong style="color:#7956c5"><small> </small><span class="username" data-name="amphamence">amphamence</span>:</strong> <em>bobby 😋</em></div><div class="chat"><small>+Gekokeso and  hkojhokjh joined</small></div><div class="chat message-error">Monai has 240 seconds left.</div><div class="spacer battle-history"><br></div><div class="battle-history">Battle started between Ainzcrad and Monai!<br></div><div class="spacer battle-history"><br></div><div class="battle-history">Go! <strong>Lurantio</strong>!<br></div><div class="spacer battle-history"><br></div><div class="battle-history">Monai sent out <strong>Pikachu-Hoenn</strong>!<br></div><div class="chat"><ul class="utilichart"><li class="result"><span class="col pokemonnamecol">Pikachu-Hoenn</span> <span class="col typecol"><img src="https://play.pokemonshowdown.com/sprites/types/Dark.png" alt="Dark" height="14" width="32"><img src="https://play.pokemonshowdown.com/sprites/types/Steel.png" alt="Steel" height="14" width="32"></span> <span><span class="col abilitycol">Intimidate / Water Absorb</span><span class="col abilitycol"></span></span></li><li></li></ul></div><div class="chat"><ul class="utilichart"><li class="result"><span><span class="col statcol"><em>HP</em><br>74</span> <span class="col statcol"><em>Atk</em><br>105</span> <span class="col statcol"><em>Def</em><br>75</span> <span class="col statcol"><em>SpA</em><br>60</span> <span class="col statcol"><em>SpD</em><br>70</span> <span class="col statcol"><em>Spe</em><br>116</span> </span></li><li></li></ul></div><div class="battle-history">[The opposing Pikachu-Hoenn's Intimidate]<br></div><div class="battle-history"><small>Lurantio's Attack fell!</small><br></div><div class="chat"><ul class="utilichart"><li class="result"><span class="col pokemonnamecol">Lurantio</span> <span class="col typecol"><img src="https://play.pokemonshowdown.com/sprites/types/Fairy.png" alt="Fairy" height="14" width="32"><img src="https://play.pokemonshowdown.com/sprites/types/Steel.png" alt="Steel" height="14" width="32"></span> <span><span class="col abilitycol">Intrepid Sword / Magic Guard</span><span class="col abilitycol"></span></span></li><li></li></ul></div><div class="chat"><ul class="utilichart"><li class="result"><span><span class="col statcol"><em>HP</em><br>100</span> <span class="col statcol"><em>Atk</em><br>75</span> <span class="col statcol"><em>Def</em><br>95</span> <span class="col statcol"><em>SpA</em><br>85</span> <span class="col statcol"><em>SpD</em><br>95</span> <span class="col statcol"><em>Spe</em><br>60</span> </span></li><li></li></ul></div><div class="battle-history">[Lurantio's Intrepid Sword]<br></div><div class="battle-history"><small>Lurantio's Attack rose!</small><br></div><div class="spacer battle-history"><br></div><h2 class="battle-history">Turn 1</h2><div class="chat"><small> bobby yum renamed from lcaster.</small></div><div class="spacer battle-history"><br></div><div class="battle-history">The opposing Pikachu-Hoenn used <strong>Will-O-Wisp</strong>!<br></div><div class="battle-history"><small>Lurantio was burned!</small><br></div><div class="spacer battle-history"><br></div><div class="battle-history">Lurantio used <strong>Knock Off</strong>!<br></div><div class="battle-history"><small>It's not very effective...</small><br></div><div class="battle-history"><small>(The opposing Pikachu-Hoenn lost 7% of its health!)</small><br></div><div class="battle-history"><small>Lurantio knocked off the opposing Pikachu-Hoenn's Leftovers!</small><br></div><div class="spacer battle-history"><br></div><div class="battle-history"><small>Lurantio was hurt by its burn!</small><br></div><div class="spacer battle-history"><br></div><h2 class="battle-history">Turn 2</h2><div class="spacer battle-history"><br></div><div class="battle-history">Lurantio, come back!<br></div><div class="battle-history">Go! <strong>Urshifu</strong>!<br></div><div class="chat"><ul class="utilichart"><li class="result"><span class="col pokemonnamecol">Urshifu</span> <span class="col typecol"><img src="https://play.pokemonshowdown.com/sprites/types/Dark.png" alt="Dark" height="14" width="32"><img src="https://play.pokemonshowdown.com/sprites/types/Ground.png" alt="Ground" height="14" width="32"></span> <span><span class="col abilitycol">Sand Force / Unseen Fist / Rough Skin</span><span class="col abilitycol"></span></span></li><li></li></ul></div><div class="chat"><ul class="utilichart"><li class="result"><span><span class="col statcol"><em>HP</em><br>85</span> <span class="col statcol"><em>Atk</em><br>115</span> <span class="col statcol"><em>Def</em><br>130</span> <span class="col statcol"><em>SpA</em><br>63</span> <span class="col statcol"><em>SpD</em><br>90</span> <span class="col statcol"><em>Spe</em><br>72</span> </span></li><li></li></ul></div><div class="spacer battle-history"><br></div><div class="battle-history">The opposing Pikachu-Hoenn used <strong>Knock Off</strong>!<br></div><div class="battle-history"><small>It's not very effective...</small><br></div><div class="battle-history"><small>(Urshifu lost 9% of its health!)</small><br></div><div class="battle-history">[Urshifu's Rough Skin]<br><small>The opposing Pikachu-Hoenn was hurt!</small><br></div><div class="battle-history"><small>The opposing Pikachu-Hoenn knocked off Urshifu's Leftovers!</small><br></div><div class="spacer battle-history"><br></div><h2 class="battle-history">Turn 3</h2><div class="spacer battle-history"><br></div><div class="battle-history">The opposing Pikachu-Hoenn used <strong>Will-O-Wisp</strong>!<br></div><div class="battle-history"><small>Urshifu was burned!</small><br></div><div class="spacer battle-history"><br></div><div class="battle-history">Urshifu used <strong>Stealth Rock</strong>!<br></div><div class="battle-history"><small>Pointed stones float in the air around the opposing team!</small><br></div><div class="spacer battle-history"><br></div><div class="battle-history"><small>Urshifu was hurt by its burn!</small><br></div><div class="spacer battle-history"><br></div><h2 class="battle-history">Turn 4</h2><div class="spacer battle-history"><br></div><div class="battle-history">Monai withdrew Pikachu-Hoenn!<br></div><div class="battle-history">Monai sent out <strong>Lurantis</strong>!<br></div><div class="chat"><ul class="utilichart"><li class="result"><span class="col pokemonnamecol">Lurantis</span> <span class="col typecol"><img src="https://play.pokemonshowdown.com/sprites/types/Fighting.png" alt="Fighting" height="14" width="32"></span> <span><span class="col abilitycol">Exoskelett</span><span class="col abilitycol"></span></span></li><li></li></ul></div><div class="chat"><ul class="utilichart"><li class="result"><span><span class="col statcol"><em>HP</em><br>90</span> <span class="col statcol"><em>Atk</em><br>125</span> <span class="col statcol"><em>Def</em><br>90</span> <span class="col statcol"><em>SpA</em><br>40</span> <span class="col statcol"><em>SpD</em><br>90</span> <span class="col statcol"><em>Spe</em><br>90</span> </span></li><li></li></ul></div><div class="spacer battle-history"><br></div><div class="battle-history">Urshifu used <strong>Parting Shot</strong>!<br></div><div class="battle-history"><small>The opposing Lurantis's Attack fell!</small><br></div><div class="battle-history"><small>The opposing Lurantis's Sp. Atk fell!</small><br></div><div class="spacer battle-history"><br></div><div class="battle-history">Urshifu went back to Ainzcrad!<br></div><div class="battle-history">Go! <strong>Articuno-Tsunami</strong>!<br></div><div class="chat"><ul class="utilichart"><li class="result"><span class="col pokemonnamecol">Articuno-Tsunami</span> <span class="col typecol"><img src="https://play.pokemonshowdown.com/sprites/types/Water.png" alt="Water" height="14" width="32"><img src="https://play.pokemonshowdown.com/sprites/types/Flying.png" alt="Flying" height="14" width="32"></span> <span><span class="col abilitycol">Competitive / Natural Cure</span><span class="col abilitycol"></span></span></li><li></li></ul></div><div class="chat"><ul class="utilichart"><li class="result"><span><span class="col statcol"><em>HP</em><br>90</span> <span class="col statcol"><em>Atk</em><br>70</span> <span class="col statcol"><em>Def</em><br>100</span> <span class="col statcol"><em>SpA</em><br>90</span> <span class="col statcol"><em>SpD</em><br>70</span> <span class="col statcol"><em>Spe</em><br>110</span> </span></li><li></li></ul></div><div class="spacer battle-history"><br></div><h2 class="battle-history">Turn 5</h2><div class="chat message-error">Monai has 270 seconds left.</div><div class="spacer battle-history"><br></div><div class="battle-history">Monai withdrew Lurantis!<br></div><div class="battle-history">Monai sent out <strong>Indeedee-Angel</strong>!<br></div><div class="battle-history"><small>Pointed stones dug into the opposing Indeedee-Angel!</small><br></div><div class="chat"><ul class="utilichart"><li class="result"><span class="col pokemonnamecol">Indeedee-Angel</span> <span class="col typecol"><img src="https://play.pokemonshowdown.com/sprites/types/Normal.png" alt="Normal" height="14" width="32"><img src="https://play.pokemonshowdown.com/sprites/types/Fairy.png" alt="Fairy" height="14" width="32"></span> <span><span class="col abilitycol">Natural Cure / Synchronize / Unaware</span><span class="col abilitycol"></span></span></li><li></li></ul></div><div class="chat"><ul class="utilichart"><li class="result"><span><span class="col statcol"><em>HP</em><br>80</span> <span class="col statcol"><em>Atk</em><br>45</span> <span class="col statcol"><em>Def</em><br>120</span> <span class="col statcol"><em>SpA</em><br>95</span> <span class="col statcol"><em>SpD</em><br>75</span> <span class="col statcol"><em>Spe</em><br>85</span> </span></li><li></li></ul></div><div class="spacer battle-history"><br></div><div class="battle-history">Articuno-Tsunami used <strong>Hurricane</strong>!<br></div><div class="battle-history"><small>The opposing Indeedee-Angel avoided the attack!</small><br></div><div class="spacer battle-history"><br></div><div class="battle-history"><small>The opposing Indeedee-Angel restored a little HP using its Leftovers!</small><br></div><div class="spacer battle-history"><br></div><h2 class="battle-history">Turn 6</h2><div class="spacer battle-history"><br></div><div class="battle-history">Articuno-Tsunami, come back!<br></div><div class="battle-history">Go! <strong>Togedemaru</strong>!<br></div><div class="chat"><ul class="utilichart"><li class="result"><span class="col pokemonnamecol">Togedemaru</span> <span class="col typecol"><img src="https://play.pokemonshowdown.com/sprites/types/Grass.png" alt="Grass" height="14" width="32"><img src="https://play.pokemonshowdown.com/sprites/types/Steel.png" alt="Steel" height="14" width="32"></span> <span><span class="col abilitycol">Spiky and Round</span><span class="col abilitycol"></span></span></li><li></li></ul></div><div class="chat"><ul class="utilichart"><li class="result"><span><span class="col statcol"><em>HP</em><br>70</span> <span class="col statcol"><em>Atk</em><br>90</span> <span class="col statcol"><em>Def</em><br>126</span> <span class="col statcol"><em>SpA</em><br>44</span> <span class="col statcol"><em>SpD</em><br>100</span> <span class="col statcol"><em>Spe</em><br>100</span> </span></li><li></li></ul></div><div class="spacer battle-history"><br></div><div class="battle-history">The opposing Indeedee-Angel used <strong>Light Screen</strong>!<br></div><div class="battle-history"><small>Light Screen made the opposing team stronger against special moves!</small><br></div><div class="spacer battle-history"><br></div><div class="battle-history"><small>The opposing Indeedee-Angel restored a little HP using its Leftovers!</small><br></div><div class="spacer battle-history"><br></div><h2 class="battle-history">Turn 7</h2><div class="spacer battle-history"><br></div><div class="battle-history">Monai withdrew Indeedee-Angel!<br></div><div class="battle-history">Monai sent out <strong>Lurantis</strong>!<br></div><div class="spacer battle-history"><br></div><div class="battle-history">Togedemaru used <strong>Power Whip</strong>!<br></div><div class="battle-history"><small>The opposing Lurantis avoided the attack!</small><br></div><div class="spacer battle-history"><br></div><h2 class="battle-history">Turn 8</h2><div class="spacer battle-history"><br></div><div class="battle-history">Togedemaru used <strong>Spiky Shield</strong>!<br></div><div class="battle-history"><small>Togedemaru protected itself!</small><br></div><div class="spacer battle-history"><br></div><div class="battle-history">The opposing Lurantis used <strong>Defog</strong>!<br></div><div class="battle-history"><small>Togedemaru protected itself!</small><br></div><div class="spacer battle-history"><br></div><h2 class="battle-history">Turn 9</h2><div class="spacer battle-history"><br></div><div class="battle-history">Togedemaru, come back!<br></div><div class="battle-history">Go! <strong>Articuno-Tsunami</strong>!<br></div><div class="spacer battle-history"><br></div><div class="battle-history">The opposing Lurantis used <strong>Defog</strong>!<br></div><div class="battle-history"><small>Articuno-Tsunami's evasiveness fell!</small><br></div><div class="battle-history"><small>The pointed stones disappeared from around the opposing team!</small><br></div><div class="spacer battle-history"><br></div><h2 class="battle-history">Turn 10</h2><div class="spacer battle-history"><br></div><div class="battle-history">Monai withdrew Lurantis!<br></div><div class="battle-history">Monai sent out <strong>Indeedee-Angel</strong>!<br></div><div class="spacer battle-history"><br></div><div class="battle-history">Articuno-Tsunami used <strong>Calm Mind</strong>!<br></div><div class="battle-history"><small>Articuno-Tsunami's Sp. Atk rose!</small><br></div><div class="battle-history"><small>Articuno-Tsunami's Sp. Def rose!</small><br></div><div class="spacer battle-history"><br></div><div class="battle-history"><small>The opposing Indeedee-Angel restored a little HP using its Leftovers!</small><br></div><div class="battle-history"><small>The opposing team's Light Screen wore off!</small><br></div><div class="spacer battle-history"><br></div><h2 class="battle-history">Turn 11</h2><div class="spacer battle-history"><br></div><div class="battle-history">Articuno-Tsunami used <strong>Scald</strong>!<br></div><div class="battle-history"><small>(The opposing Indeedee-Angel lost 19% of its health!)</small><br></div><div class="spacer battle-history"><br></div><div class="battle-history">The opposing Indeedee-Angel used <strong>Knock Off</strong>!<br></div><div class="battle-history"><small>(Articuno-Tsunami lost 7% of its health!)</small><br></div><div class="battle-history"><small>The opposing Indeedee-Angel knocked off Articuno-Tsunami's Heavy-Duty Boots!</small><br></div><div class="spacer battle-history"><br></div><div class="battle-history"><small>The opposing Indeedee-Angel restored a little HP using its Leftovers!</small><br></div><div class="spacer battle-history"><br></div><h2 class="battle-history">Turn 12</h2><div class="spacer battle-history"><br></div><div class="battle-history">Articuno-Tsunami used <strong>Scald</strong>!<br></div><div class="battle-history"><small>(The opposing Indeedee-Angel lost 21% of its health!)</small><br></div><div class="spacer battle-history"><br></div><div class="battle-history">The opposing Indeedee-Angel used <strong>Moonblast</strong>!<br></div><div class="battle-history"><small>(Articuno-Tsunami lost 36% of its health!)</small><br></div><div class="spacer battle-history"><br></div><div class="battle-history"><small>The opposing Indeedee-Angel restored a little HP using its Leftovers!</small><br></div><div class="spacer battle-history"><br></div><h2 class="battle-history">Turn 13</h2><div class="spacer battle-history"><br></div><div class="battle-history">Articuno-Tsunami used <strong>Scald</strong>!<br></div><div class="battle-history"><small>(The opposing Indeedee-Angel lost 19% of its health!)</small><br></div><div class="spacer battle-history"><br></div><div class="battle-history">The opposing Indeedee-Angel used <strong>Recover</strong>!<br></div><div class="battle-history"><small>The opposing Indeedee-Angel had its HP restored.</small><br></div><div class="spacer battle-history"><br></div><h2 class="battle-history">Turn 14</h2><div class="spacer battle-history"><br></div><div class="battle-history">Articuno-Tsunami used <strong>Roost</strong>!<br></div><div class="battle-history"><small>Articuno-Tsunami had its HP restored.</small><br></div><div class="battle-history"><small>(Articuno-Tsunami loses Flying type this turn.)</small><br></div><div class="spacer battle-history"><br></div><div class="battle-history">The opposing Indeedee-Angel used <strong>Moonblast</strong>!<br></div><div class="battle-history"><small>(Articuno-Tsunami lost 36% of its health!)</small><br></div><div class="battle-history"><small>Articuno-Tsunami's Sp. Atk fell!</small><br></div><div class="spacer battle-history"><br></div><h2 class="battle-history">Turn 15</h2><div class="spacer battle-history"><br></div><div class="battle-history">Articuno-Tsunami used <strong>Scald</strong>!<br></div><div class="battle-history"><small>(The opposing Indeedee-Angel lost 19% of its health!)</small><br></div><div class="spacer battle-history"><br></div><div class="battle-history">The opposing Indeedee-Angel used <strong>Moonblast</strong>!<br></div><div class="battle-history"><small>(Articuno-Tsunami lost 40% of its health!)</small><br></div><div class="battle-history"><small>Articuno-Tsunami's Sp. Atk fell!</small><br></div><div class="spacer battle-history"><br></div><div class="battle-history"><small>The opposing Indeedee-Angel restored a little HP using its Leftovers!</small><br></div><div class="spacer battle-history"><br></div><h2 class="battle-history">Turn 16</h2><div class="spacer battle-history"><br></div><div class="battle-history">Articuno-Tsunami used <strong>Roost</strong>!<br></div><div class="battle-history"><small>Articuno-Tsunami had its HP restored.</small><br></div><div class="battle-history"><small>(Articuno-Tsunami loses Flying type this turn.)</small><br></div><div class="spacer battle-history"><br></div><div class="battle-history">The opposing Indeedee-Angel used <strong>Moonblast</strong>!<br></div><div class="battle-history"><small>(Articuno-Tsunami lost 38% of its health!)</small><br></div><div class="battle-history"><small>Articuno-Tsunami's Sp. Atk fell!</small><br></div><div class="spacer battle-history"><br></div><div class="battle-history"><small>The opposing Indeedee-Angel restored a little HP using its Leftovers!</small><br></div><div class="spacer battle-history"><br></div><h2 class="battle-history">Turn 17</h2><div class="spacer battle-history"><br></div><div class="battle-history">Articuno-Tsunami used <strong>Roost</strong>!<br></div><div class="battle-history"><small>Articuno-Tsunami had its HP restored.</small><br></div><div class="battle-history"><small>(Articuno-Tsunami loses Flying type this turn.)</small><br></div><div class="spacer battle-history"><br></div><div class="battle-history">The opposing Indeedee-Angel used <strong>Moonblast</strong>!<br></div><div class="battle-history"><small>(Articuno-Tsunami lost 36% of its health!)</small><br></div><div class="spacer battle-history"><br></div><div class="battle-history"><small>The opposing Indeedee-Angel restored a little HP using its Leftovers!</small><br></div><div class="spacer battle-history"><br></div><h2 class="battle-history">Turn 18</h2><div class="spacer battle-history"><br></div><div class="battle-history">Monai withdrew Indeedee-Angel!<br></div><div class="battle-history">Monai sent out <strong>Togedemaru</strong>!<br></div><div class="chat"><ul class="utilichart"><li class="result"><span class="col pokemonnamecol">Togedemaru</span> <span class="col typecol"><img src="https://play.pokemonshowdown.com/sprites/types/Grass.png" alt="Grass" height="14" width="32"><img src="https://play.pokemonshowdown.com/sprites/types/Steel.png" alt="Steel" height="14" width="32"></span> <span><span class="col abilitycol">Spiky and Round</span><span class="col abilitycol"></span></span></li><li></li></ul></div><div class="chat"><ul class="utilichart"><li class="result"><span><span class="col statcol"><em>HP</em><br>70</span> <span class="col statcol"><em>Atk</em><br>90</span> <span class="col statcol"><em>Def</em><br>126</span> <span class="col statcol"><em>SpA</em><br>44</span> <span class="col statcol"><em>SpD</em><br>100</span> <span class="col statcol"><em>Spe</em><br>100</span> </span></li><li></li></ul></div><div class="spacer battle-history"><br></div><div class="battle-history">Articuno-Tsunami used <strong>Roost</strong>!<br></div><div class="battle-history"><small>Articuno-Tsunami had its HP restored.</small><br></div><div class="battle-history"><small>(Articuno-Tsunami loses Flying type this turn.)</small><br></div><div class="spacer battle-history"><br></div><h2 class="battle-history">Turn 19</h2><div class="spacer battle-history"><br></div><div class="battle-history">Articuno-Tsunami, come back!<br></div><div class="battle-history">Go! <strong>Togedemaru</strong>!<br></div><div class="spacer battle-history"><br></div><div class="battle-history">The opposing Togedemaru used <strong>Power Whip</strong>!<br></div><div class="battle-history"><small>It's not very effective...</small><br></div><div class="battle-history"><small>(Togedemaru lost 7% of its health!)</small><br></div><div class="battle-history">[Togedemaru's Spiky and Round]<br><small>(The opposing Togedemaru was hurt!)</small><br></div><div class="spacer battle-history"><br></div><div class="battle-history"><small>Togedemaru restored a little HP using its Leftovers!</small><br></div><div class="spacer battle-history"><br></div><h2 class="battle-history">Turn 20</h2><div class="spacer battle-history"><br></div><div class="battle-history">Togedemaru, come back!<br></div><div class="battle-history">Go! Wishiwashi-Lonesom (<strong>Wishiwashi-Lonesome</strong>)!<br></div><div class="chat"><ul class="utilichart"><li class="result"><span class="col pokemonnamecol">Wishiwashi-Lonesome</span> <span class="col typecol"><img src="https://play.pokemonshowdown.com/sprites/types/Steel.png" alt="Steel" height="14" width="32"><img src="https://play.pokemonshowdown.com/sprites/types/Ghost.png" alt="Ghost" height="14" width="32"></span> <span><span class="col abilitycol">Run Away / Rattled / Supreme Overlord</span><span class="col abilitycol"></span></span></li><li></li></ul></div><div class="chat"><ul class="utilichart"><li class="result"><span><span class="col statcol"><em>HP</em><br>85</span> <span class="col statcol"><em>Atk</em><br>70</span> <span class="col statcol"><em>Def</em><br>70</span> <span class="col statcol"><em>SpA</em><br>95</span> <span class="col statcol"><em>SpD</em><br>72</span> <span class="col statcol"><em>Spe</em><br>123</span> </span></li><li></li></ul></div><div class="spacer battle-history"><br></div><div class="battle-history">The opposing Togedemaru used <strong>Stealth Rock</strong>!<br></div><div class="battle-history"><small>Pointed stones float in the air around your team!</small><br></div><div class="spacer battle-history"><br></div><h2 class="battle-history">Turn 21</h2><div class="spacer battle-history"><br></div><div class="battle-history">Monai withdrew Togedemaru!<br></div><div class="battle-history">Monai sent out <strong>Urshifu-Erosion</strong>!<br></div><div class="chat"><ul class="utilichart"><li class="result"><span class="col pokemonnamecol">Urshifu-Erosion</span> <span class="col typecol"><img src="https://play.pokemonshowdown.com/sprites/types/Water.png" alt="Water" height="14" width="32"></span> <span><span class="col abilitycol">Magic Guard</span><span class="col abilitycol"></span></span></li><li></li></ul></div><div class="chat"><ul class="utilichart"><li class="result"><span><span class="col statcol"><em>HP</em><br>105</span> <span class="col statcol"><em>Atk</em><br>95</span> <span class="col statcol"><em>Def</em><br>80</span> <span class="col statcol"><em>SpA</em><br>90</span> <span class="col statcol"><em>SpD</em><br>85</span> <span class="col statcol"><em>Spe</em><br>70</span> </span></li><li></li></ul></div><div class="spacer battle-history"><br></div><div class="battle-history">Wishiwashi-Lonesom used <strong>Shadow Ball</strong>!<br></div><div class="battle-history"><small>(The opposing Urshifu-Erosion lost 34% of its health!)</small><br></div><div class="spacer battle-history"><br></div><div class="battle-history"><small>The opposing Urshifu-Erosion restored a little HP using its Leftovers!</small><br></div><div class="spacer battle-history"><br></div><h2 class="battle-history">Turn 22</h2><div class="spacer battle-history"><br></div><div class="battle-history">Wishiwashi-Lonesom, come back!<br></div><div class="battle-history">Go! <strong>Togedemaru</strong>!<br></div><div class="battle-history"><small>Pointed stones dug into Togedemaru!</small><br></div><div class="spacer battle-history"><br></div><div class="battle-history">The opposing Urshifu-Erosion used <strong>Coil</strong>!<br></div><div class="battle-history"><small>The opposing Urshifu-Erosion's Attack rose!</small><br></div><div class="battle-history"><small>The opposing Urshifu-Erosion's Defense rose!</small><br></div><div class="battle-history"><small>The opposing Urshifu-Erosion's accuracy rose!</small><br></div><div class="spacer battle-history"><br></div><div class="battle-history"><small>Togedemaru restored a little HP using its Leftovers!</small><br></div><div class="battle-history"><small>The opposing Urshifu-Erosion restored a little HP using its Leftovers!</small><br></div><div class="spacer battle-history"><br></div><h2 class="battle-history">Turn 23</h2><div class="spacer battle-history"><br></div><div class="battle-history">Monai withdrew Urshifu-Erosion!<br></div><div class="battle-history">Monai sent out <strong>Pikachu-Hoenn</strong>!<br></div><div class="battle-history">[The opposing Pikachu-Hoenn's Intimidate]<br></div><div class="battle-history"><small>Togedemaru's Attack fell!</small><br></div><div class="spacer battle-history"><br></div><div class="battle-history">Togedemaru used <strong>Power Whip</strong>!<br></div><div class="battle-history"><small>It's not very effective...</small><br></div><div class="battle-history"><small>(The opposing Pikachu-Hoenn lost 10% of its health!)</small><br></div><div class="spacer battle-history"><br></div><div class="battle-history"><small>Togedemaru restored a little HP using its Leftovers!</small><br></div><div class="spacer battle-history"><br></div><h2 class="battle-history">Turn 24</h2><div class="spacer battle-history"><br></div><div class="battle-history">Togedemaru, come back!<br></div><div class="battle-history">Go! <strong>Urshifu</strong>!<br></div><div class="battle-history"><small>Pointed stones dug into Urshifu!</small><br></div><div class="spacer battle-history"><br></div><div class="battle-history">The opposing Pikachu-Hoenn used <strong>Knock Off</strong>!<br></div><div class="battle-history"><small>It's not very effective...</small><br></div><div class="battle-history"><small>(Urshifu lost 6% of its health!)</small><br></div><div class="battle-history">[Urshifu's Rough Skin]<br><small>The opposing Pikachu-Hoenn was hurt!</small><br></div><div class="spacer battle-history"><br></div><div class="battle-history"><small>Urshifu was hurt by its burn!</small><br></div><div class="spacer battle-history"><br></div><h2 class="battle-history">Turn 25</h2><div class="spacer battle-history"><br></div><div class="battle-history">The opposing Pikachu-Hoenn used <strong>Slack Off</strong>!<br></div><div class="battle-history"><small>The opposing Pikachu-Hoenn had its HP restored.</small><br></div><div class="spacer battle-history"><br></div><div class="battle-history">Urshifu used <strong>Earthquake</strong>!<br></div><div class="battle-history"><small>It's super effective!</small><br></div><div class="battle-history"><small>(The opposing Pikachu-Hoenn lost 33% of its health!)</small><br></div><div class="spacer battle-history"><br></div><div class="battle-history"><small>Urshifu was hurt by its burn!</small><br></div><div class="spacer battle-history"><br></div><h2 class="battle-history">Turn 26</h2><div class="spacer battle-history"><br></div><div class="battle-history">The opposing Pikachu-Hoenn used <strong>Slack Off</strong>!<br></div><div class="battle-history"><small>The opposing Pikachu-Hoenn had its HP restored.</small><br></div><div class="spacer battle-history"><br></div><div class="battle-history">Urshifu used <strong>Stealth Rock</strong>!<br></div><div class="battle-history"><small>Pointed stones float in the air around the opposing team!</small><br></div><div class="spacer battle-history"><br></div><div class="battle-history"><small>Urshifu was hurt by its burn!</small><br></div><div class="spacer battle-history"><br></div><h2 class="battle-history">Turn 27</h2><div class="spacer battle-history"><br></div><div class="battle-history">The opposing Pikachu-Hoenn used <strong>Wish</strong>!<br></div><div class="spacer battle-history"><br></div><div class="battle-history">Urshifu used <strong>Parting Shot</strong>!<br></div><div class="battle-history"><small>The opposing Pikachu-Hoenn's Attack fell!</small><br></div><div class="battle-history"><small>The opposing Pikachu-Hoenn's Sp. Atk fell!</small><br></div><div class="spacer battle-history"><br></div><div class="battle-history">Urshifu went back to Ainzcrad!<br></div><div class="battle-history">Go! <strong>Articuno-Tsunami</strong>!<br></div><div class="battle-history"><small>Pointed stones dug into Articuno-Tsunami!</small><br></div><div class="spacer battle-history"><br></div><h2 class="battle-history">Turn 28</h2><div class="spacer battle-history"><br></div><div class="battle-history">Monai withdrew Pikachu-Hoenn!<br></div><div class="battle-history">Monai sent out <strong>Togedemaru</strong>!<br></div><div class="battle-history"><small>Pointed stones dug into the opposing Togedemaru!</small><br></div><div class="spacer battle-history"><br></div><div class="battle-history">Articuno-Tsunami used <strong>Scald</strong>!<br></div><div class="battle-history"><small>It's not very effective...</small><br></div><div class="battle-history"><small>A critical hit!</small><br></div><div class="battle-history"><small>(The opposing Togedemaru lost 18% of its health!)</small><br></div><div class="battle-history"><small>The opposing Togedemaru was burned!</small><br></div><div class="spacer battle-history"><br></div><div class="battle-history"><small>Pikachu-Hoenn's wish came true!</small><br></div><div class="battle-history"><small>The opposing Togedemaru was hurt by its burn!</small><br></div><div class="spacer battle-history"><br></div><h2 class="battle-history">Turn 29</h2><div class="spacer battle-history"><br></div><div class="battle-history">Articuno-Tsunami, come back!<br></div><div class="battle-history">Go! <strong>Togedemaru</strong>!<br></div><div class="battle-history"><small>Pointed stones dug into Togedemaru!</small><br></div><div class="spacer battle-history"><br></div><div class="battle-history">Monai withdrew Togedemaru!<br></div><div class="battle-history">Monai sent out <strong>Indeedee-Angel</strong>!<br></div><div class="battle-history"><small>Pointed stones dug into the opposing Indeedee-Angel!</small><br></div><div class="spacer battle-history"><br></div><div class="battle-history"><small>Togedemaru restored a little HP using its Leftovers!</small><br></div><div class="battle-history"><small>The opposing Indeedee-Angel restored a little HP using its Leftovers!</small><br></div><div class="spacer battle-history"><br></div><h2 class="battle-history">Turn 30</h2><div class="spacer battle-history"><br></div><div class="battle-history">Monai withdrew Indeedee-Angel!<br></div><div class="battle-history">Monai sent out <strong>Pikachu-Hoenn</strong>!<br></div><div class="battle-history"><small>Pointed stones dug into the opposing Pikachu-Hoenn!</small><br></div><div class="battle-history">[The opposing Pikachu-Hoenn's Intimidate]<br></div><div class="battle-history"><small>Togedemaru's Attack fell!</small><br></div><div class="spacer battle-history"><br></div><div class="battle-history">Togedemaru used <strong>Rapid Spin</strong>!<br></div><div class="battle-history"><small>It's not very effective...</small><br></div><div class="battle-history"><small>(The opposing Pikachu-Hoenn lost 3% of its health!)</small><br></div><div class="battle-history"><small>Togedemaru's Speed rose!</small><br></div><div class="battle-history"><small>The pointed stones disappeared from around your team!</small><br></div><div class="spacer battle-history"><br></div><h2 class="battle-history">Turn 31</h2><div class="spacer battle-history"><br></div><div class="battle-history">Togedemaru, come back!<br></div><div class="battle-history">Go! <strong>Articuno-Tsunami</strong>!<br></div><div class="spacer battle-history"><br></div><div class="battle-history">The opposing Pikachu-Hoenn used <strong>Wish</strong>!<br></div><div class="spacer battle-history"><br></div><h2 class="battle-history">Turn 32</h2><div class="spacer battle-history"><br></div><div class="battle-history">Monai withdrew Pikachu-Hoenn!<br></div><div class="battle-history">Monai sent out <strong>Urshifu-Erosion</strong>!<br></div><div class="spacer battle-history"><br></div><div class="battle-history">Articuno-Tsunami used <strong>Calm Mind</strong>!<br></div><div class="battle-history"><small>Articuno-Tsunami's Sp. Atk rose!</small><br></div><div class="battle-history"><small>Articuno-Tsunami's Sp. Def rose!</small><br></div><div class="spacer battle-history"><br></div><div class="battle-history"><small>Pikachu-Hoenn's wish came true!</small><br></div><div class="spacer battle-history"><br></div><h2 class="battle-history">Turn 33</h2><div class="spacer battle-history"><br></div><div class="battle-history">Articuno-Tsunami used <strong>Hurricane</strong>!<br></div><div class="battle-history"><small>(The opposing Urshifu-Erosion lost 35% of its health!)</small><br></div><div class="spacer battle-history"><br></div><div class="battle-history">The opposing Urshifu-Erosion used <strong>Rapid Spin</strong>!<br></div><div class="battle-history"><small>(Articuno-Tsunami lost 6% of its health!)</small><br></div><div class="battle-history"><small>The opposing Urshifu-Erosion's Speed rose!</small><br></div><div class="battle-history"><small>The pointed stones disappeared from around the opposing team!</small><br></div><div class="spacer battle-history"><br></div><div class="battle-history"><small>The opposing Urshifu-Erosion restored a little HP using its Leftovers!</small><br></div><div class="spacer battle-history"><br></div><h2 class="battle-history">Turn 34</h2><div class="spacer battle-history"><br></div><div class="battle-history">The opposing Urshifu-Erosion used <strong>Coil</strong>!<br></div><div class="battle-history"><small>The opposing Urshifu-Erosion's Attack rose!</small><br></div><div class="battle-history"><small>The opposing Urshifu-Erosion's Defense rose!</small><br></div><div class="battle-history"><small>The opposing Urshifu-Erosion's accuracy rose!</small><br></div><div class="spacer battle-history"><br></div><div class="battle-history">Articuno-Tsunami used <strong>Scald</strong>!<br></div><div class="battle-history"><small>It's not very effective...</small><br></div><div class="battle-history"><small>(The opposing Urshifu-Erosion lost 12% of its health!)</small><br></div><div class="battle-history"><small>The opposing Urshifu-Erosion was burned!</small><br></div><div class="spacer battle-history"><br></div><div class="battle-history"><small>The opposing Urshifu-Erosion restored a little HP using its Leftovers!</small><br></div><div class="spacer battle-history"><br></div><h2 class="battle-history">Turn 35</h2><div class="spacer battle-history"><br></div><div class="battle-history">The opposing Urshifu-Erosion used <strong>Coil</strong>!<br></div><div class="battle-history"><small>The opposing Urshifu-Erosion's Attack rose!</small><br></div><div class="battle-history"><small>The opposing Urshifu-Erosion's Defense rose!</small><br></div><div class="battle-history"><small>The opposing Urshifu-Erosion's accuracy rose!</small><br></div><div class="spacer battle-history"><br></div><div class="battle-history">Articuno-Tsunami used <strong>Hurricane</strong>!<br></div><div class="battle-history"><small>(The opposing Urshifu-Erosion lost 35% of its health!)</small><br></div><div class="battle-history"><small>The opposing Urshifu-Erosion became confused!</small><br></div><div class="spacer battle-history"><br></div><div class="battle-history"><small>The opposing Urshifu-Erosion restored a little HP using its Leftovers!</small><br></div><div class="spacer battle-history"><br></div><h2 class="battle-history">Turn 36</h2><div class="spacer battle-history"><br></div><div class="battle-history"><small>The opposing Urshifu-Erosion is confused!</small><br></div><div class="battle-history">It hurt itself in its confusion!<br></div><div class="spacer battle-history"><br></div><div class="battle-history">Articuno-Tsunami used <strong>Hurricane</strong>!<br></div><div class="battle-history"><small>(The opposing Urshifu-Erosion lost 32% of its health!)</small><br></div><div class="spacer battle-history"><br></div><div class="battle-history">The opposing Urshifu-Erosion fainted!<br></div><div class="spacer battle-history"><br></div><div class="battle-history">Monai sent out <strong>Indeedee-Angel</strong>!<br></div><div class="spacer battle-history"><br></div><h2 class="battle-history">Turn 37</h2><div class="spacer battle-history"><br></div><div class="battle-history">Articuno-Tsunami used <strong>Scald</strong>!<br></div><div class="battle-history"><small>(The opposing Indeedee-Angel lost 21% of its health!)</small><br></div><div class="spacer battle-history"><br></div><div class="battle-history">The opposing Indeedee-Angel used <strong>Moonblast</strong>!<br></div><div class="battle-history"><small>(Articuno-Tsunami lost 41% of its health!)</small><br></div><div class="spacer battle-history"><br></div><div class="battle-history"><small>The opposing Indeedee-Angel restored a little HP using its Leftovers!</small><br></div><div class="spacer battle-history"><br></div><h2 class="battle-history">Turn 38</h2><div class="spacer battle-history"><br></div><div class="battle-history">Articuno-Tsunami used <strong>Roost</strong>!<br></div><div class="battle-history"><small>Articuno-Tsunami had its HP restored.</small><br></div><div class="battle-history"><small>(Articuno-Tsunami loses Flying type this turn.)</small><br></div><div class="spacer battle-history"><br></div><div class="battle-history">The opposing Indeedee-Angel used <strong>Moonblast</strong>!<br></div><div class="battle-history"><small>A critical hit!</small><br></div><div class="battle-history"><small>(Articuno-Tsunami lost 57% of its health!)</small><br></div><div class="spacer battle-history"><br></div><div class="battle-history"><small>The opposing Indeedee-Angel restored a little HP using its Leftovers!</small><br></div><div class="spacer battle-history"><br></div><h2 class="battle-history">Turn 39</h2><div class="spacer battle-history"><br></div><div class="battle-history">Articuno-Tsunami used <strong>Roost</strong>!<br></div><div class="battle-history"><small>Articuno-Tsunami had its HP restored.</small><br></div><div class="battle-history"><small>(Articuno-Tsunami loses Flying type this turn.)</small><br></div><div class="spacer battle-history"><br></div><div class="battle-history">The opposing Indeedee-Angel used <strong>Moonblast</strong>!<br></div><div class="battle-history"><small>(Articuno-Tsunami lost 40% of its health!)</small><br></div><div class="spacer battle-history"><br></div><div class="battle-history"><small>The opposing Indeedee-Angel restored a little HP using its Leftovers!</small><br></div><div class="spacer battle-history"><br></div><h2 class="battle-history">Turn 40</h2><div class="spacer battle-history"><br></div><div class="battle-history">Articuno-Tsunami used <strong>Roost</strong>!<br></div><div class="battle-history"><small>Articuno-Tsunami had its HP restored.</small><br></div><div class="battle-history"><small>(Articuno-Tsunami loses Flying type this turn.)</small><br></div><div class="spacer battle-history"><br></div><div class="battle-history">The opposing Indeedee-Angel used <strong>Moonblast</strong>!<br></div><div class="battle-history"><small>(Articuno-Tsunami lost 39% of its health!)</small><br></div><div class="battle-history"><small>Articuno-Tsunami's Sp. Atk fell!</small><br></div><div class="spacer battle-history"><br></div><div class="battle-history"><small>The opposing Indeedee-Angel restored a little HP using its Leftovers!</small><br></div><div class="spacer battle-history"><br></div><h2 class="battle-history">Turn 41</h2><div class="spacer battle-history"><br></div><div class="battle-history">Articuno-Tsunami used <strong>Roost</strong>!<br></div><div class="battle-history"><small>Articuno-Tsunami had its HP restored.</small><br></div><div class="battle-history"><small>(Articuno-Tsunami loses Flying type this turn.)</small><br></div><div class="spacer battle-history"><br></div><div class="battle-history">The opposing Indeedee-Angel used <strong>Light Screen</strong>!<br></div><div class="battle-history"><small>Light Screen made the opposing team stronger against special moves!</small><br></div><div class="spacer battle-history"><br></div><div class="battle-history"><small>The opposing Indeedee-Angel restored a little HP using its Leftovers!</small><br></div><div class="spacer battle-history"><br></div><h2 class="battle-history">Turn 42</h2><div class="spacer battle-history"><br></div><div class="battle-history">Articuno-Tsunami, come back!<br></div><div class="battle-history">Go! <strong>Togedemaru</strong>!<br></div><div class="spacer battle-history"><br></div><div class="battle-history">Monai withdrew Indeedee-Angel!<br></div><div class="battle-history">Monai sent out <strong>Araquanid-Totem</strong>!<br></div><div class="chat"><ul class="utilichart"><li class="result"><span class="col pokemonnamecol">Araquanid-Totem</span> <span class="col typecol"><img src="https://play.pokemonshowdown.com/sprites/types/Poison.png" alt="Poison" height="14" width="32"><img src="https://play.pokemonshowdown.com/sprites/types/Flying.png" alt="Flying" height="14" width="32"></span> <span><span class="col abilitycol">Water Bubble / Water Absorb</span><span class="col abilitycol"></span></span></li><li></li></ul></div><div class="chat"><ul class="utilichart"><li class="result"><span><span class="col statcol"><em>HP</em><br>84</span> <span class="col statcol"><em>Atk</em><br>65</span> <span class="col statcol"><em>Def</em><br>122</span> <span class="col statcol"><em>SpA</em><br>110</span> <span class="col statcol"><em>SpD</em><br>87</span> <span class="col statcol"><em>Spe</em><br>57</span> </span></li><li></li></ul></div><div class="spacer battle-history"><br></div><h2 class="battle-history">Turn 43</h2><div class="spacer battle-history"><br></div><div class="battle-history">Togedemaru used <strong>Wish</strong>!<br></div><div class="spacer battle-history"><br></div><div class="battle-history">The opposing Araquanid-Totem used <strong>Nasty Plot</strong>!<br></div><div class="battle-history"><small>The opposing Araquanid-Totem's Sp. Atk rose sharply!</small><br></div><div class="spacer battle-history"><br></div><h2 class="battle-history">Turn 44</h2><div class="spacer battle-history"><br></div><div class="battle-history">Togedemaru, come back!<br></div><div class="battle-history">Go! <strong>Lurantio</strong>!<br></div><div class="battle-history">[Lurantio's Intrepid Sword]<br></div><div class="battle-history"><small>Lurantio's Attack rose!</small><br></div><div class="spacer battle-history"><br></div><div class="battle-history">The opposing Araquanid-Totem used <strong>Toxic Spikes</strong>!<br></div><div class="battle-history"><small>Poison spikes were scattered on the ground all around your team!</small><br></div><div class="spacer battle-history"><br></div><div class="battle-history"><small>Togedemaru's wish came true!</small><br></div><div class="battle-history"><small>Lurantio was hurt by its burn!</small><br></div><div class="spacer battle-history"><br></div><h2 class="battle-history">Turn 45</h2><div class="spacer battle-history"><br></div><div class="battle-history">Monai withdrew Araquanid-Totem!<br></div><div class="battle-history">Monai sent out <strong>Pikachu-Hoenn</strong>!<br></div><div class="battle-history">[The opposing Pikachu-Hoenn's Intimidate]<br></div><div class="battle-history"><small>Lurantio's Attack fell!</small><br></div><div class="spacer battle-history"><br></div><div class="battle-history">Lurantio used <strong>Iron Head</strong>!<br></div><div class="battle-history"><small>It's not very effective...</small><br></div><div class="battle-history"><small>(The opposing Pikachu-Hoenn lost 9% of its health!)</small><br></div><div class="spacer battle-history"><br></div><div class="battle-history"><small>Lurantio was hurt by its burn!</small><br></div><div class="battle-history"><small>The opposing team's Light Screen wore off!</small><br></div><div class="spacer battle-history"><br></div><h2 class="battle-history">Turn 46</h2><div class="spacer battle-history"><br></div><div class="battle-history">Lurantio, come back!<br></div><div class="battle-history">Go! <strong>Togedemaru</strong>!<br></div><div class="spacer battle-history"><br></div><div class="battle-history">The opposing Pikachu-Hoenn used <strong>Wish</strong>!<br></div><div class="spacer battle-history"><br></div><h2 class="battle-history">Turn 47</h2><div class="spacer battle-history"><br></div><div class="battle-history">Togedemaru, come back!<br></div><div class="battle-history">Go! <strong>Articuno-Tsunami</strong>!<br></div><div class="spacer battle-history"><br></div><div class="battle-history">The opposing Pikachu-Hoenn used <strong>Knock Off</strong>!<br></div><div class="battle-history"><small>(Articuno-Tsunami lost 14% of its health!)</small><br></div><div class="spacer battle-history"><br></div><div class="battle-history"><small>Pikachu-Hoenn's wish came true!</small><br></div><div class="spacer battle-history"><br></div><h2 class="battle-history">Turn 48</h2><div class="spacer battle-history"><br></div><div class="battle-history">Articuno-Tsunami, come back!<br></div><div class="battle-history">Go! <strong>Togedemaru</strong>!<br></div><div class="spacer battle-history"><br></div><div class="battle-history">The opposing Pikachu-Hoenn used <strong>Will-O-Wisp</strong>!<br></div><div class="battle-history"><small>Togedemaru was burned!</small><br></div><div class="spacer battle-history"><br></div><div class="battle-history"><small>Togedemaru was hurt by its burn!</small><br></div><div class="spacer battle-history"><br></div><h2 class="battle-history">Turn 49</h2><div class="spacer battle-history"><br></div><div class="battle-history">The opposing Pikachu-Hoenn used <strong>Knock Off</strong>!<br></div><div class="battle-history"><small>(Togedemaru lost 30% of its health!)</small><br></div><div class="battle-history">[Togedemaru's Spiky and Round]<br><small>(The opposing Pikachu-Hoenn was hurt!)</small><br></div><div class="battle-history"><small>The opposing Pikachu-Hoenn knocked off Togedemaru's Leftovers!</small><br></div><div class="spacer battle-history"><br></div><div class="battle-history">Togedemaru used <strong>Rapid Spin</strong>!<br></div><div class="battle-history"><small>It's not very effective...</small><br></div><div class="battle-history"><small>(The opposing Pikachu-Hoenn lost 2% of its health!)</small><br></div><div class="battle-history"><small>Togedemaru's Speed rose!</small><br></div><div class="battle-history"><small>The poison spikes disappeared from the ground around your team!</small><br></div><div class="spacer battle-history"><br></div><div class="battle-history"><small>Togedemaru was hurt by its burn!</small><br></div><div class="spacer battle-history"><br></div><h2 class="battle-history">Turn 50</h2><div class="spacer battle-history"><br></div><div class="battle-history">Monai withdrew Pikachu-Hoenn!<br></div><div class="battle-history">Monai sent out <strong>Araquanid-Totem</strong>!<br></div><div class="spacer battle-history"><br></div><div class="battle-history">Togedemaru used <strong>Wish</strong>!<br></div><div class="spacer battle-history"><br></div><div class="battle-history"><small>Togedemaru was hurt by its burn!</small><br></div><div class="spacer battle-history"><br></div><h2 class="battle-history">Turn 51</h2><div class="spacer battle-history"><br></div><div class="battle-history">Togedemaru, come back!<br></div><div class="battle-history">Go! <strong>Toxtricity-Low-Key</strong>!<br></div><div class="chat"><ul class="utilichart"><li class="result"><span class="col pokemonnamecol">Toxtricity-Low-Key</span> <span class="col typecol"><img src="https://play.pokemonshowdown.com/sprites/types/Electric.png" alt="Electric" height="14" width="32"><img src="https://play.pokemonshowdown.com/sprites/types/Dragon.png" alt="Dragon" height="14" width="32"></span> <span><span class="col abilitycol">Infiltrator / Lightning Rod / Energy Loop</span><span class="col abilitycol"></span></span></li><li></li></ul></div><div class="chat"><ul class="utilichart"><li class="result"><span><span class="col statcol"><em>HP</em><br>102</span> <span class="col statcol"><em>Atk</em><br>92</span> <span class="col statcol"><em>Def</em><br>70</span> <span class="col statcol"><em>SpA</em><br>102</span> <span class="col statcol"><em>SpD</em><br>70</span> <span class="col statcol"><em>Spe</em><br>106</span> </span></li><li></li></ul></div><div class="spacer battle-history"><br></div><div class="battle-history">The opposing Araquanid-Totem used <strong>Toxic Spikes</strong>!<br></div><div class="battle-history"><small>Poison spikes were scattered on the ground all around your team!</small><br></div><div class="spacer battle-history"><br></div><h2 class="battle-history">Turn 52</h2><div class="spacer battle-history"><br></div><div class="battle-history">Monai withdrew Araquanid-Totem!<br></div><div class="battle-history">Monai sent out <strong>Indeedee-Angel</strong>!<br></div><div class="spacer battle-history"><br></div><div class="battle-history">Toxtricity-Low-Key used <strong>Overdrive</strong>!<br></div><div class="battle-history"><small>(The opposing Indeedee-Angel lost 42% of its health!)</small><br></div><div class="spacer battle-history"><br></div><div class="battle-history"><small>The opposing Indeedee-Angel restored a little HP using its Leftovers!</small><br></div><div class="spacer battle-history"><br></div><h2 class="battle-history">Turn 53</h2><div class="spacer battle-history"><br></div><div class="battle-history">Toxtricity-Low-Key used <strong>Overdrive</strong>!<br></div><div class="battle-history"><small>(The opposing Indeedee-Angel lost 39% of its health!)</small><br></div><div class="spacer battle-history"><br></div><div class="battle-history">The opposing Indeedee-Angel used <strong>Recover</strong>!<br></div><div class="battle-history"><small>The opposing Indeedee-Angel had its HP restored.</small><br></div><div class="spacer battle-history"><br></div><div class="battle-history"><small>The opposing Indeedee-Angel restored a little HP using its Leftovers!</small><br></div><div class="spacer battle-history"><br></div><h2 class="battle-history">Turn 54</h2><div class="spacer battle-history"><br></div><div class="battle-history">Toxtricity-Low-Key used <strong>Overdrive</strong>!<br></div><div class="battle-history"><small>(The opposing Indeedee-Angel lost 39% of its health!)</small><br></div><div class="spacer battle-history"><br></div><div class="battle-history">The opposing Indeedee-Angel used <strong>Light Screen</strong>!<br></div><div class="battle-history"><small>Light Screen made the opposing team stronger against special moves!</small><br></div><div class="spacer battle-history"><br></div><div class="battle-history"><small>The opposing Indeedee-Angel restored a little HP using its Leftovers!</small><br></div><div class="spacer battle-history"><br></div><h2 class="battle-history">Turn 55</h2><div class="spacer battle-history"><br></div><div class="battle-history">Toxtricity-Low-Key, come back!<br></div><div class="battle-history">Go! <strong>Togedemaru</strong>!<br></div><div class="spacer battle-history"><br></div><div class="battle-history">The opposing Indeedee-Angel used <strong>Recover</strong>!<br></div><div class="battle-history"><small>The opposing Indeedee-Angel had its HP restored.</small><br></div><div class="spacer battle-history"><br></div><div class="battle-history"><small>The opposing Indeedee-Angel restored a little HP using its Leftovers!</small><br></div><div class="battle-history"><small>Togedemaru was hurt by its burn!</small><br></div><div class="spacer battle-history"><br></div><h2 class="battle-history">Turn 56</h2><div class="spacer battle-history"><br></div><div class="battle-history">Monai withdrew Indeedee-Angel!<br></div><div class="battle-history">Monai sent out <strong>Lurantis</strong>!<br></div><div class="spacer battle-history"><br></div><div class="battle-history">Togedemaru used <strong>Wish</strong>!<br></div><div class="spacer battle-history"><br></div><div class="battle-history"><small>Togedemaru was hurt by its burn!</small><br></div><div class="spacer battle-history"><br></div><h2 class="battle-history">Turn 57</h2><div class="spacer battle-history"><br></div><div class="battle-history">Togedemaru, come back!<br></div><div class="battle-history">Go! <strong>Articuno-Tsunami</strong>!<br></div><div class="spacer battle-history"><br></div><div class="battle-history">Monai withdrew Lurantis!<br></div><div class="battle-history">Monai sent out <strong>Pikachu-Hoenn</strong>!<br></div><div class="battle-history">[The opposing Pikachu-Hoenn's Intimidate]<br></div><div class="battle-history"><small>Articuno-Tsunami's Attack fell!</small><br></div><div class="spacer battle-history"><br></div><div class="battle-history"><small>Togedemaru's wish came true!</small><br></div><div class="spacer battle-history"><br></div><h2 class="battle-history">Turn 58</h2><div class="spacer battle-history"><br></div><div class="battle-history">The opposing Pikachu-Hoenn used <strong>Will-O-Wisp</strong>!<br></div><div class="battle-history"><small>Articuno-Tsunami was burned!</small><br></div><div class="spacer battle-history"><br></div><div class="battle-history">Articuno-Tsunami used <strong>Scald</strong>!<br></div><div class="battle-history"><small>(The opposing Pikachu-Hoenn lost 17% of its health!)</small><br></div><div class="battle-history"><small>The opposing Pikachu-Hoenn was burned!</small><br></div><div class="spacer battle-history"><br></div><div class="battle-history"><small>The opposing Pikachu-Hoenn was hurt by its burn!</small><br></div><div class="battle-history"><small>Articuno-Tsunami was hurt by its burn!</small><br></div><div class="battle-history"><small>The opposing team's Light Screen wore off!</small><br></div><div class="spacer battle-history"><br></div><h2 class="battle-history">Turn 59</h2><div class="spacer battle-history"><br></div><div class="battle-history">Articuno-Tsunami, come back!<br></div><div class="battle-history">Go! <strong>Togedemaru</strong>!<br></div><div class="spacer battle-history"><br></div><div class="battle-history">The opposing Pikachu-Hoenn used <strong>Slack Off</strong>!<br></div><div class="battle-history"><small>The opposing Pikachu-Hoenn had its HP restored.</small><br></div><div class="spacer battle-history"><br></div><div class="battle-history"><small>The opposing Pikachu-Hoenn was hurt by its burn!</small><br></div><div class="battle-history"><small>Togedemaru was hurt by its burn!</small><br></div><div class="spacer battle-history"><br></div><h2 class="battle-history">Turn 60</h2><div class="spacer battle-history"><br></div><div class="battle-history">Monai withdrew Pikachu-Hoenn!<br></div><div class="battle-history">Monai sent out <strong>Lurantis</strong>!<br></div><div class="spacer battle-history"><br></div><div class="battle-history">Togedemaru used <strong>Wish</strong>!<br></div><div class="spacer battle-history"><br></div><div class="battle-history"><small>Togedemaru was hurt by its burn!</small><br></div><div class="spacer battle-history"><br></div><h2 class="battle-history">Turn 61</h2><div class="spacer battle-history"><br></div><div class="battle-history">Togedemaru used <strong>Spiky Shield</strong>!<br></div><div class="battle-history"><small>Togedemaru protected itself!</small><br></div></div><div class="inner-preempt message-log"></div></div></div>
</div>
<script>
let daily = Math.floor(Date.now()/1000/60/60/24);document.write('<script src="https://play.pokemonshowdown.com/js/replay-embed.js?version'+daily+'"></'+'script>');
</script>
