<!DOCTYPE html>
<meta charset="utf-8" />
<!-- version 1 -->
<title>[Gen 3] Hoenn Gaiden replay: bynum vs. JimCool</title>
<style>
html,body {font-family:Verdana, sans-serif;font-size:10pt;margin:0;padding:0;}body{padding:12px 0;} .battle-log {font-family:Verdana, sans-serif;font-size:10pt;} .battle-log-inline {border:1px solid #AAAAAA;background:#EEF2F5;color:black;max-width:640px;margin:0 auto 80px;padding-bottom:5px;} .battle-log .inner {padding:4px 8px 0px 8px;} .battle-log .inner-preempt {padding:0 8px 4px 8px;} .battle-log .inner-after {margin-top:0.5em;} .battle-log h2 {margin:0.5em -8px;padding:4px 8px;border:1px solid #AAAAAA;background:#E0E7EA;border-left:0;border-right:0;font-family:Verdana, sans-serif;font-size:13pt;} .battle-log .chat {vertical-align:middle;padding:3px 0 3px 0;font-size:8pt;} .battle-log .chat strong {color:#40576A;} .battle-log .chat em {padding:1px 4px 1px 3px;color:#000000;font-style:normal;} .chat.mine {background:rgba(0,0,0,0.05);margin-left:-8px;margin-right:-8px;padding-left:8px;padding-right:8px;} .spoiler {color:#BBBBBB;background:#BBBBBB;padding:0px 3px;} .spoiler:hover, .spoiler:active, .spoiler-shown {color:#000000;background:#E2E2E2;padding:0px 3px;} .spoiler a {color:#BBBBBB;} .spoiler:hover a, .spoiler:active a, .spoiler-shown a {color:#2288CC;} .chat code, .chat .spoiler:hover code, .chat .spoiler:active code, .chat .spoiler-shown code {border:1px solid #C0C0C0;background:#EEEEEE;color:black;padding:0 2px;} .chat .spoiler code {border:1px solid #CCCCCC;background:#CCCCCC;color:#CCCCCC;} .battle-log .rated {padding:3px 4px;} .battle-log .rated strong {color:white;background:#89A;padding:1px 4px;border-radius:4px;} .spacer {margin-top:0.5em;} .message-announce {background:#6688AA;color:white;padding:1px 4px 2px;} .message-announce a, .broadcast-green a, .broadcast-blue a, .broadcast-red a {color:#DDEEFF;} .broadcast-green {background-color:#559955;color:white;padding:2px 4px;} .broadcast-blue {background-color:#6688AA;color:white;padding:2px 4px;} .infobox {border:1px solid #6688AA;padding:2px 4px;} .infobox-limited {max-height:200px;overflow:auto;overflow-x:hidden;} .broadcast-red {background-color:#AA5544;color:white;padding:2px 4px;} .message-learn-canlearn {font-weight:bold;color:#228822;text-decoration:underline;} .message-learn-cannotlearn {font-weight:bold;color:#CC2222;text-decoration:underline;} .message-effect-weak {font-weight:bold;color:#CC2222;} .message-effect-resist {font-weight:bold;color:#6688AA;} .message-effect-immune {font-weight:bold;color:#666666;} .message-learn-list {margin-top:0;margin-bottom:0;} .message-throttle-notice, .message-error {color:#992222;} .message-overflow, .chat small.message-overflow {font-size:0pt;} .message-overflow::before {font-size:9pt;content:'...';} .subtle {color:#3A4A66;}
</style>
<div class="wrapper replay-wrapper" style="max-width:1180px;margin:0 auto">
<input type="hidden" name="replayid" value="dragonheaven-gen3hoenngaiden-7" />
<div class="battle"></div><div class="battle-log"></div><div class="replay-controls"></div><div class="replay-controls-2"></div>
<h1 style="font-weight:normal;text-align:center"><strong>[Gen 3] Hoenn Gaiden</strong><br /><a href="http://pokemonshowdown.com/users/bynum" class="subtle" target="_blank">bynum</a> vs. <a href="http://pokemonshowdown.com/users/jimcool" class="subtle" target="_blank">JimCool</a></h1>
<script type="text/plain" class="battle-log-data">|j|☆bynum
|j|☆JimCool
|t:|1685582186
|player|p1|bynum|schoolboy-gen2|
|player|p2|JimCool|pokefan-gen4|
|teamsize|p1|6
|teamsize|p2|6
|gametype|singles
|gen|3
|tier|[Gen 3] Hoenn Gaiden
|rule|Sleep Clause Mod: Limit one foe put to sleep
|rule|Switch Priority Clause Mod: Faster Pokémon switch first
|rule|Species Clause: Limit one of each Pokémon
|rule|OHKO Clause: OHKO moves are banned
|rule|Moody Clause: Moody is banned
|rule|Evasion Moves Clause: Evasion moves are banned
|rule|Endless Battle Clause: Forcing endless battles is banned
|rule|HP Percentage Mod: HP is shown in percentages
|raw|<img src="https:\/\/cdn.discordapp.com\/attachments\/510822010922860545\/864665757446045716\/Hoenn_Gaiden_Banner.png" height="213" width="381">
|-message|Welcome to Hoenn Gaiden!
|-message|This is a [Gen 3] OU-based format where we add later generation Pokemon, items, moves, and abilities, as well as change up existing ones!
|-message|You can find our thread and metagame resources here:
|-message|https:\/\/www.smogon.com\/forums\/threads\/hoenn-gaiden-pet-mod-of-the-season-slate-8-concept-voting.3681339\/
|rule|Baton Pass Mod: Positive stat boosts are reset upon using Baton Pass
|rule|Illegal Baton Pass Clause: Do not allow Baton Pass with the combination of Mean Look\/Spider Web\/Block\/Ingrain
|rule|Freeze Clause Mod: Limit one foe frozen
|
|t:|1685582186
|start
|switch|p1a: ten letter giant|Tyranitar, F|100\/100
|switch|p2a: Sunflora|Sunflora, M|100\/100
|-start|p1a: ten letter giant|typechange|Rock\/Dark|[silent]
|raw|<ul class="utilichart"><li class="result"><span class="col pokemonnamecol" style="white-space: nowrap">Tyranitar<\/span> <span class="col typecol"><img src="https:\/\/play.pokemonshowdown.com\/sprites\/types\/Rock.png" alt="Rock" height="14" width="32"><img src="https:\/\/play.pokemonshowdown.com\/sprites\/types\/Dark.png" alt="Dark" height="14" width="32"><\/span> <span style="float: left ; min-height: 26px"><span class="col abilitycol">Sand Stream<\/span><span class="col abilitycol"><\/span><\/span><\/li><li style="clear: both"><\/li><\/ul>
|raw|<ul class="utilichart"><li class="result"><span style="float: left ; min-height: 26px"><span class="col statcol"><em>HP<\/em><br>100<\/span> <span class="col statcol"><em>Atk<\/em><br>134<\/span> <span class="col statcol"><em>Def<\/em><br>110<\/span> <span class="col statcol"><em>SpA<\/em><br>95<\/span> <span class="col statcol"><em>SpD<\/em><br>100<\/span> <span class="col statcol"><em>Spe<\/em><br>61<\/span> <\/span><\/li><li style="clear: both"><\/li><\/ul>
|-weather|Sandstorm|[from] ability: Sand Stream|[of] p1a: ten letter giant
|-start|p2a: Sunflora|typechange|Grass|[silent]
|raw|<ul class="utilichart"><li class="result"><span class="col pokemonnamecol" style="white-space: nowrap">Sunflora<\/span> <span class="col typecol"><img src="https:\/\/play.pokemonshowdown.com\/sprites\/types\/Grass.png" alt="Grass" height="14" width="32"><\/span> <span style="float: left ; min-height: 26px"><span class="col abilitycol">Desolate Land<\/span><span class="col abilitycol"><\/span><\/span><\/li><li style="clear: both"><\/li><\/ul>
|raw|<ul class="utilichart"><li class="result"><span style="float: left ; min-height: 26px"><span class="col statcol"><em>HP<\/em><br>85<\/span> <span class="col statcol"><em>Atk<\/em><br>65<\/span> <span class="col statcol"><em>Def<\/em><br>85<\/span> <span class="col statcol"><em>SpA<\/em><br>105<\/span> <span class="col statcol"><em>SpD<\/em><br>95<\/span> <span class="col statcol"><em>Spe<\/em><br>30<\/span> <\/span><\/li><li style="clear: both"><\/li><\/ul>
|-weather|DesolateLand|[from] ability: Desolate Land|[of] p2a: Sunflora
|turn|1
|c|☆bynum|hf
|c|☆JimCool|hf
|j|+DkKoba
|
|t:|1685582229
|switch|p1a: round my way|Lapras, F|100\/100
|-start|p1a: round my way|typechange|Dragon\/Ice|[silent]
|raw|<ul class="utilichart"><li class="result"><span class="col pokemonnamecol" style="white-space: nowrap">Lapras<\/span> <span class="col typecol"><img src="https:\/\/play.pokemonshowdown.com\/sprites\/types\/Dragon.png" alt="Dragon" height="14" width="32"><img src="https:\/\/play.pokemonshowdown.com\/sprites\/types\/Ice.png" alt="Ice" height="14" width="32"><\/span> <span style="float: left ; min-height: 26px"><span class="col abilitycol">Water Absorb \/ Shell Armor<\/span><span class="col abilitycol"><\/span><\/span><\/li><li style="clear: both"><\/li><\/ul>
|raw|<ul class="utilichart"><li class="result"><span style="float: left ; min-height: 26px"><span class="col statcol"><em>HP<\/em><br>130<\/span> <span class="col statcol"><em>Atk<\/em><br>85<\/span> <span class="col statcol"><em>Def<\/em><br>80<\/span> <span class="col statcol"><em>SpA<\/em><br>85<\/span> <span class="col statcol"><em>SpD<\/em><br>95<\/span> <span class="col statcol"><em>Spe<\/em><br>60<\/span> <\/span><\/li><li style="clear: both"><\/li><\/ul>
|-weather|none
|switch|p2a: Suicune|Suicune|100\/100
|-start|p2a: Suicune|typechange|Water|[silent]
|raw|<ul class="utilichart"><li class="result"><span class="col pokemonnamecol" style="white-space: nowrap">Suicune<\/span> <span class="col typecol"><img src="https:\/\/play.pokemonshowdown.com\/sprites\/types\/Water.png" alt="Water" height="14" width="32"><\/span> <span style="float: left ; min-height: 26px"><span class="col abilitycol">Pressure<\/span><span class="col abilitycol"><\/span><\/span><\/li><li style="clear: both"><\/li><\/ul>
|raw|<ul class="utilichart"><li class="result"><span style="float: left ; min-height: 26px"><span class="col statcol"><em>HP<\/em><br>100<\/span> <span class="col statcol"><em>Atk<\/em><br>75<\/span> <span class="col statcol"><em>Def<\/em><br>115<\/span> <span class="col statcol"><em>SpA<\/em><br>90<\/span> <span class="col statcol"><em>SpD<\/em><br>115<\/span> <span class="col statcol"><em>Spe<\/em><br>85<\/span> <\/span><\/li><li style="clear: both"><\/li><\/ul>
|
|upkeep
|turn|2
|
|t:|1685582250
|switch|p2a: Snorlax|Snorlax, F|100\/100
|-start|p2a: Snorlax|typechange|Normal|[silent]
|raw|<ul class="utilichart"><li class="result"><span class="col pokemonnamecol" style="white-space: nowrap">Snorlax<\/span> <span class="col typecol"><img src="https:\/\/play.pokemonshowdown.com\/sprites\/types\/Normal.png" alt="Normal" height="14" width="32"><\/span> <span style="float: left ; min-height: 26px"><span class="col abilitycol">Immunity \/ Thick Fat<\/span><span class="col abilitycol"><\/span><\/span><\/li><li style="clear: both"><\/li><\/ul>
|raw|<ul class="utilichart"><li class="result"><span style="float: left ; min-height: 26px"><span class="col statcol"><em>HP<\/em><br>160<\/span> <span class="col statcol"><em>Atk<\/em><br>110<\/span> <span class="col statcol"><em>Def<\/em><br>65<\/span> <span class="col statcol"><em>SpA<\/em><br>65<\/span> <span class="col statcol"><em>SpD<\/em><br>110<\/span> <span class="col statcol"><em>Spe<\/em><br>30<\/span> <\/span><\/li><li style="clear: both"><\/li><\/ul>
|move|p1a: round my way|Roar|p2a: Snorlax
|drag|p2a: Weezing|Weezing-Galar, M|100\/100
|-start|p2a: Weezing|typechange|Poison\/Water|[silent]
|raw|<ul class="utilichart"><li class="result"><span class="col pokemonnamecol" style="white-space: nowrap">Weezing-Galar<\/span> <span class="col typecol"><img src="https:\/\/play.pokemonshowdown.com\/sprites\/types\/Poison.png" alt="Poison" height="14" width="32"><img src="https:\/\/play.pokemonshowdown.com\/sprites\/types\/Water.png" alt="Water" height="14" width="32"><\/span> <span style="float: left ; min-height: 26px"><span class="col abilitycol">Levitate<\/span><span class="col abilitycol"><\/span><\/span><\/li><li style="clear: both"><\/li><\/ul>
|raw|<ul class="utilichart"><li class="result"><span style="float: left ; min-height: 26px"><span class="col statcol"><em>HP<\/em><br>65<\/span> <span class="col statcol"><em>Atk<\/em><br>90<\/span> <span class="col statcol"><em>Def<\/em><br>120<\/span> <span class="col statcol"><em>SpA<\/em><br>85<\/span> <span class="col statcol"><em>SpD<\/em><br>70<\/span> <span class="col statcol"><em>Spe<\/em><br>60<\/span> <\/span><\/li><li style="clear: both"><\/li><\/ul>
|
|upkeep
|turn|3
|
|t:|1685582282
|switch|p2a: Snorlax|Snorlax, F|100\/100
|-start|p2a: Snorlax|typechange|Normal|[silent]
|move|p1a: round my way|Ice Beam|p2a: Snorlax
|-crit|p2a: Snorlax
|-damage|p2a: Snorlax|71\/100
|
|-heal|p2a: Snorlax|78\/100|[from] item: Leftovers
|upkeep
|turn|4
|c|+DkKoba|GO TINKA CREW
|
|t:|1685582307
|switch|p1a: baby sir|Chesnaught, M|100\/100
|-start|p1a: baby sir|typechange|Grass\/Fighting|[silent]
|raw|<ul class="utilichart"><li class="result"><span class="col pokemonnamecol" style="white-space: nowrap">Chesnaught<\/span> <span class="col typecol"><img src="https:\/\/play.pokemonshowdown.com\/sprites\/types\/Grass.png" alt="Grass" height="14" width="32"><img src="https:\/\/play.pokemonshowdown.com\/sprites\/types\/Fighting.png" alt="Fighting" height="14" width="32"><\/span> <span style="float: left ; min-height: 26px"><span class="col abilitycol">Overgrow \/ Rough Skin<\/span><span class="col abilitycol"><\/span><\/span><\/li><li style="clear: both"><\/li><\/ul>
|raw|<ul class="utilichart"><li class="result"><span style="float: left ; min-height: 26px"><span class="col statcol"><em>HP<\/em><br>88<\/span> <span class="col statcol"><em>Atk<\/em><br>107<\/span> <span class="col statcol"><em>Def<\/em><br>122<\/span> <span class="col statcol"><em>SpA<\/em><br>74<\/span> <span class="col statcol"><em>SpD<\/em><br>75<\/span> <span class="col statcol"><em>Spe<\/em><br>68<\/span> <\/span><\/li><li style="clear: both"><\/li><\/ul>
|move|p2a: Snorlax|Curse|p2a: Snorlax
|-unboost|p2a: Snorlax|spe|1
|-boost|p2a: Snorlax|atk|1
|-boost|p2a: Snorlax|def|1
|
|-heal|p2a: Snorlax|84\/100|[from] item: Leftovers
|upkeep
|turn|5
|
|t:|1685582345
|switch|p2a: Talonflame|Talonflame, M|100\/100
|-start|p2a: Talonflame|typechange|Fire\/Flying|[silent]
|raw|<ul class="utilichart"><li class="result"><span class="col pokemonnamecol" style="white-space: nowrap">Talonflame<\/span> <span class="col typecol"><img src="https:\/\/play.pokemonshowdown.com\/sprites\/types\/Fire.png" alt="Fire" height="14" width="32"><img src="https:\/\/play.pokemonshowdown.com\/sprites\/types\/Flying.png" alt="Flying" height="14" width="32"><\/span> <span style="float: left ; min-height: 26px"><span class="col abilitycol">Flame Body<\/span><span class="col abilitycol"><\/span><\/span><\/li><li style="clear: both"><\/li><\/ul>
|raw|<ul class="utilichart"><li class="result"><span style="float: left ; min-height: 26px"><span class="col statcol"><em>HP<\/em><br>78<\/span> <span class="col statcol"><em>Atk<\/em><br>81<\/span> <span class="col statcol"><em>Def<\/em><br>71<\/span> <span class="col statcol"><em>SpA<\/em><br>74<\/span> <span class="col statcol"><em>SpD<\/em><br>69<\/span> <span class="col statcol"><em>Spe<\/em><br>126<\/span> <\/span><\/li><li style="clear: both"><\/li><\/ul>
|move|p1a: baby sir|Circle Throw|p2a: Talonflame
|-resisted|p2a: Talonflame
|-damage|p2a: Talonflame|88\/100
|drag|p2a: Dugtrio|Dugtrio, F|100\/100
|-start|p2a: Dugtrio|typechange|Ground|[silent]
|raw|<ul class="utilichart"><li class="result"><span class="col pokemonnamecol" style="white-space: nowrap">Dugtrio<\/span> <span class="col typecol"><img src="https:\/\/play.pokemonshowdown.com\/sprites\/types\/Ground.png" alt="Ground" height="14" width="32"><\/span> <span style="float: left ; min-height: 26px"><span class="col abilitycol">Arena Trap<\/span><span class="col abilitycol"><\/span><\/span><\/li><li style="clear: both"><\/li><\/ul>
|raw|<ul class="utilichart"><li class="result"><span style="float: left ; min-height: 26px"><span class="col statcol"><em>HP<\/em><br>35<\/span> <span class="col statcol"><em>Atk<\/em><br>80<\/span> <span class="col statcol"><em>Def<\/em><br>50<\/span> <span class="col statcol"><em>SpA<\/em><br>50<\/span> <span class="col statcol"><em>SpD<\/em><br>70<\/span> <span class="col statcol"><em>Spe<\/em><br>120<\/span> <\/span><\/li><li style="clear: both"><\/li><\/ul>
|
|upkeep
|turn|6
|
|t:|1685582394
|switch|p2a: Talonflame|Talonflame, M|88\/100
|-start|p2a: Talonflame|typechange|Fire\/Flying|[silent]
|move|p1a: baby sir|Spikes|p2a: Talonflame
|-sidestart|p2: JimCool|Spikes
|
|-heal|p2a: Talonflame|94\/100|[from] item: Leftovers
|upkeep
|turn|7
|
|t:|1685582402
|switch|p1a: round my way|Lapras, F|100\/100
|-start|p1a: round my way|typechange|Dragon\/Ice|[silent]
|move|p2a: Talonflame|Will-O-Wisp|p1a: round my way|[miss]
|-miss|p2a: Talonflame|p1a: round my way
|
|-heal|p2a: Talonflame|99\/100|[from] item: Leftovers
|upkeep
|turn|8
|
|t:|1685582411
|move|p2a: Talonflame|Rapid Spin|p1a: round my way
|-damage|p1a: round my way|98\/100
|-sideend|p2: JimCool|Spikes|[from] move: Rapid Spin|[of] p2a: Talonflame
|move|p1a: round my way|Ice Beam|p2a: Talonflame
|-damage|p2a: Talonflame|64\/100
|-status|p2a: Talonflame|frz
|
|-heal|p2a: Talonflame|70\/100 frz|[from] item: Leftovers
|-heal|p1a: round my way|100\/100|[from] item: Leftovers
|upkeep
|turn|9
|j|+G-Luke
|
|t:|1685582447
|switch|p2a: Snorlax|Snorlax, F|84\/100
|-start|p2a: Snorlax|typechange|Normal|[silent]
|move|p1a: round my way|Ice Beam|p2a: Snorlax
|-damage|p2a: Snorlax|69\/100
|
|-heal|p2a: Snorlax|75\/100|[from] item: Leftovers
|upkeep
|turn|10
|
|t:|1685582455
|switch|p1a: baby sir|Chesnaught, M|100\/100
|-start|p1a: baby sir|typechange|Grass\/Fighting|[silent]
|move|p2a: Snorlax|Return|p1a: baby sir
|-crit|p1a: baby sir
|-damage|p1a: baby sir|52\/100
|-damage|p2a: Snorlax|69\/100|[from] ability: Rough Skin|[of] p1a: baby sir
|
|-heal|p1a: baby sir|58\/100|[from] item: Leftovers
|-heal|p2a: Snorlax|75\/100|[from] item: Leftovers
|upkeep
|turn|11
|c|+G-Luke|Let's goo bynun!!!!
|
|t:|1685582467
|switch|p2a: Weezing|Weezing-Galar, M|100\/100
|-start|p2a: Weezing|typechange|Poison\/Water|[silent]
|move|p1a: baby sir|Circle Throw|p2a: Weezing|[miss]
|-miss|p1a: baby sir|p2a: Weezing
|
|-heal|p1a: baby sir|64\/100|[from] item: Leftovers
|upkeep
|turn|12
|
|t:|1685582486
|switch|p1a: round my way|Lapras, F|100\/100
|-start|p1a: round my way|typechange|Dragon\/Ice|[silent]
|move|p2a: Weezing|Aromatherapy|p2a: Weezing
|-cureteam|p2a: Weezing|[from] move: Aromatherapy
|
|upkeep
|turn|13
|
|t:|1685582498
|switch|p2a: Suicune|Suicune|100\/100
|-start|p2a: Suicune|typechange|Water|[silent]
|move|p1a: round my way|Ice Beam|p2a: Suicune
|-resisted|p2a: Suicune
|-damage|p2a: Suicune|89\/100
|
|-heal|p2a: Suicune|96\/100|[from] item: Leftovers
|upkeep
|turn|14
|
|t:|1685582512
|switch|p2a: Snorlax|Snorlax, F|75\/100
|-start|p2a: Snorlax|typechange|Normal|[silent]
|move|p1a: round my way|Roar|p2a: Snorlax
|drag|p2a: Weezing|Weezing-Galar, M|100\/100
|-start|p2a: Weezing|typechange|Poison\/Water|[silent]
|
|upkeep
|turn|15
|
|t:|1685582522
|move|p1a: round my way|Ice Beam|p2a: Weezing
|-resisted|p2a: Weezing
|-damage|p2a: Weezing|82\/100
|-status|p2a: Weezing|frz
|cant|p2a: Weezing|frz
|
|-heal|p2a: Weezing|88\/100 frz|[from] item: Leftovers
|upkeep
|turn|16
|
|t:|1685582541
|switch|p1a: free mind|Hariyama, F|100\/100
|-start|p1a: free mind|typechange|Fighting|[silent]
|raw|<ul class="utilichart"><li class="result"><span class="col pokemonnamecol" style="white-space: nowrap">Hariyama<\/span> <span class="col typecol"><img src="https:\/\/play.pokemonshowdown.com\/sprites\/types\/Fighting.png" alt="Fighting" height="14" width="32"><\/span> <span style="float: left ; min-height: 26px"><span class="col abilitycol">Thick Fat \/ Guts<\/span><span class="col abilitycol"><\/span><\/span><\/li><li style="clear: both"><\/li><\/ul>
|raw|<ul class="utilichart"><li class="result"><span style="float: left ; min-height: 26px"><span class="col statcol"><em>HP<\/em><br>144<\/span> <span class="col statcol"><em>Atk<\/em><br>120<\/span> <span class="col statcol"><em>Def<\/em><br>60<\/span> <span class="col statcol"><em>SpA<\/em><br>40<\/span> <span class="col statcol"><em>SpD<\/em><br>60<\/span> <span class="col statcol"><em>Spe<\/em><br>50<\/span> <\/span><\/li><li style="clear: both"><\/li><\/ul>
|cant|p2a: Weezing|frz
|
|-heal|p2a: Weezing|94\/100 frz|[from] item: Leftovers
|upkeep
|turn|17
|
|t:|1685582569
|switch|p2a: Talonflame|Talonflame, M|70\/100
|-start|p2a: Talonflame|typechange|Fire\/Flying|[silent]
|move|p1a: free mind|Knock Off|p2a: Talonflame
|-damage|p2a: Talonflame|67\/100
|-enditem|p2a: Talonflame|Leftovers|[from] move: Knock Off|[of] p1a: free mind
|
|upkeep
|turn|18
|
|t:|1685582592
|move|p2a: Talonflame|Soft-Boiled|p2a: Talonflame
|-heal|p2a: Talonflame|100\/100
|move|p1a: free mind|Rock Slide|p2a: Talonflame
|-supereffective|p2a: Talonflame
|-damage|p2a: Talonflame|5\/100
|
|upkeep
|turn|19
|
|t:|1685582622
|switch|p2a: Suicune|Suicune|96\/100
|-start|p2a: Suicune|typechange|Water|[silent]
|move|p1a: free mind|Brick Break|p2a: Suicune
|-damage|p2a: Suicune|73\/100
|
|-heal|p2a: Suicune|79\/100|[from] item: Leftovers
|upkeep
|turn|20
|
|t:|1685582632
|switch|p1a: round my way|Lapras, F|100\/100
|-start|p1a: round my way|typechange|Dragon\/Ice|[silent]
|move|p2a: Suicune|Surf|p1a: round my way
|-resisted|p1a: round my way
|-damage|p1a: round my way|88\/100
|
|-heal|p2a: Suicune|85\/100|[from] item: Leftovers
|-heal|p1a: round my way|94\/100|[from] item: Leftovers
|upkeep
|turn|21
|
|t:|1685582637
|switch|p2a: Weezing|Weezing-Galar, M|94\/100 frz
|-start|p2a: Weezing|typechange|Poison\/Water|[silent]
|move|p1a: round my way|Roar|p2a: Weezing
|drag|p2a: Sunflora|Sunflora, M|100\/100
|-start|p2a: Sunflora|typechange|Grass|[silent]
|-weather|DesolateLand|[from] ability: Desolate Land|[of] p2a: Sunflora
|
|-weather|DesolateLand|[upkeep]
|-heal|p1a: round my way|100\/100|[from] item: Leftovers
|upkeep
|turn|22
|
|t:|1685582653
|switch|p1a: i'll buy it|Plusle, F, shiny|100\/100
|-start|p1a: i'll buy it|typechange|Electric\/Fire|[silent]
|raw|<ul class="utilichart"><li class="result"><span class="col pokemonnamecol" style="white-space: nowrap">Plusle<\/span> <span class="col typecol"><img src="https:\/\/play.pokemonshowdown.com\/sprites\/types\/Electric.png" alt="Electric" height="14" width="32"><img src="https:\/\/play.pokemonshowdown.com\/sprites\/types\/Fire.png" alt="Fire" height="14" width="32"><\/span> <span style="float: left ; min-height: 26px"><span class="col abilitycol">Galvanize \/ Flash Fire<\/span><span class="col abilitycol"><\/span><\/span><\/li><li style="clear: both"><\/li><\/ul>
|raw|<ul class="utilichart"><li class="result"><span style="float: left ; min-height: 26px"><span class="col statcol"><em>HP<\/em><br>80<\/span> <span class="col statcol"><em>Atk<\/em><br>60<\/span> <span class="col statcol"><em>Def<\/em><br>60<\/span> <span class="col statcol"><em>SpA<\/em><br>95<\/span> <span class="col statcol"><em>SpD<\/em><br>85<\/span> <span class="col statcol"><em>Spe<\/em><br>105<\/span> <\/span><\/li><li style="clear: both"><\/li><\/ul>
|-weather|none
|switch|p2a: Weezing|Weezing-Galar, M|94\/100 frz
|-start|p2a: Weezing|typechange|Poison\/Water|[silent]
|
|-heal|p2a: Weezing|99\/100 frz|[from] item: Leftovers
|upkeep
|turn|23
|
|t:|1685582660
|switch|p2a: Snorlax|Snorlax, F|75\/100
|-start|p2a: Snorlax|typechange|Normal|[silent]
|move|p1a: i'll buy it|Substitute|p1a: i'll buy it
|-start|p1a: i'll buy it|Substitute
|-damage|p1a: i'll buy it|75\/100
|
|-heal|p1a: i'll buy it|82\/100|[from] item: Leftovers
|-heal|p2a: Snorlax|81\/100|[from] item: Leftovers
|upkeep
|turn|24
|
|t:|1685582664
|move|p1a: i'll buy it|Baton Pass|p1a: i'll buy it
|
|t:|1685582666
|switch|p1a: ten letter giant|Tyranitar, F|100\/100|[from]move: Baton Pass
|-start|p1a: ten letter giant|typechange|Rock\/Dark|[silent]
|-weather|Sandstorm|[from] ability: Sand Stream|[of] p1a: ten letter giant
|move|p2a: Snorlax|Return|p1a: ten letter giant
|-resisted|p1a: ten letter giant
|-crit|p1a: ten letter giant
|-end|p1a: ten letter giant|Substitute
|
|-weather|Sandstorm|[upkeep]
|-damage|p2a: Snorlax|75\/100|[from] Sandstorm
|-heal|p2a: Snorlax|81\/100|[from] item: Leftovers
|upkeep
|turn|25
|
|t:|1685582719
|switch|p2a: Suicune|Suicune|85\/100
|-start|p2a: Suicune|typechange|Water|[silent]
|move|p1a: ten letter giant|Dragon Dance|p1a: ten letter giant
|-boost|p1a: ten letter giant|atk|1
|-boost|p1a: ten letter giant|spe|1
|
|-weather|Sandstorm|[upkeep]
|-damage|p2a: Suicune|79\/100|[from] Sandstorm
|-heal|p2a: Suicune|85\/100|[from] item: Leftovers
|upkeep
|turn|26
|
|t:|1685582732
|switch|p1a: round my way|Lapras, F|100\/100
|-start|p1a: round my way|typechange|Dragon\/Ice|[silent]
|switch|p2a: Talonflame|Talonflame, M|5\/100
|-start|p2a: Talonflame|typechange|Fire\/Flying|[silent]
|
|-weather|Sandstorm|[upkeep]
|-damage|p2a: Talonflame|0 fnt|[from] Sandstorm
|-damage|p1a: round my way|94\/100|[from] Sandstorm
|faint|p2a: Talonflame
|-heal|p1a: round my way|100\/100|[from] item: Leftovers
|upkeep
|
|t:|1685582737
|switch|p2a: Sunflora|Sunflora, M|100\/100
|-start|p2a: Sunflora|typechange|Grass|[silent]
|-weather|DesolateLand|[from] ability: Desolate Land|[of] p2a: Sunflora
|turn|27
|
|t:|1685582745
|-weather|none
|switch|p2a: Snorlax|Snorlax, F|81\/100
|-start|p2a: Snorlax|typechange|Normal|[silent]
|move|p1a: round my way|Ice Beam|p2a: Snorlax
|-damage|p2a: Snorlax|66\/100
|
|-heal|p2a: Snorlax|72\/100|[from] item: Leftovers
|upkeep
|turn|28
|
|t:|1685582755
|switch|p1a: baby sir|Chesnaught, M|64\/100
|-start|p1a: baby sir|typechange|Grass\/Fighting|[silent]
|move|p2a: Snorlax|Return|p1a: baby sir
|-damage|p1a: baby sir|40\/100
|-damage|p2a: Snorlax|66\/100|[from] ability: Rough Skin|[of] p1a: baby sir
|
|-heal|p1a: baby sir|46\/100|[from] item: Leftovers
|-heal|p2a: Snorlax|72\/100|[from] item: Leftovers
|upkeep
|turn|29
|
|t:|1685582760
|switch|p2a: Dugtrio|Dugtrio, F|100\/100
|-start|p2a: Dugtrio|typechange|Ground|[silent]
|move|p1a: baby sir|Spikes|p2a: Dugtrio
|-sidestart|p2: JimCool|Spikes
|
|-heal|p1a: baby sir|52\/100|[from] item: Leftovers
|upkeep
|turn|30
|
|t:|1685582766
|move|p2a: Dugtrio|Aerial Ace|p1a: baby sir
|-supereffective|p1a: baby sir
|-damage|p1a: baby sir|0 fnt
|-damage|p2a: Dugtrio|94\/100|[from] ability: Rough Skin|[of] p1a: baby sir
|faint|p1a: baby sir
|
|t:|1685582779
|switch|p1a: i'll buy it|Plusle, F, shiny|82\/100
|-start|p1a: i'll buy it|typechange|Electric\/Fire|[silent]
|
|-heal|p1a: i'll buy it|88\/100|[from] item: Leftovers
|upkeep
|turn|31
|
|t:|1685582785
|switch|p2a: Snorlax|Snorlax, F|72\/100
|-damage|p2a: Snorlax|60\/100|[from] Spikes
|-start|p2a: Snorlax|typechange|Normal|[silent]
|move|p1a: i'll buy it|Substitute|p1a: i'll buy it
|-start|p1a: i'll buy it|Substitute
|-damage|p1a: i'll buy it|63\/100
|
|-heal|p1a: i'll buy it|69\/100|[from] item: Leftovers
|-heal|p2a: Snorlax|66\/100|[from] item: Leftovers
|upkeep
|turn|32
|
|t:|1685582808
|move|p1a: i'll buy it|Baton Pass|p1a: i'll buy it
|
|t:|1685582810
|switch|p1a: ten letter giant|Tyranitar, F|100\/100|[from]move: Baton Pass
|-start|p1a: ten letter giant|typechange|Rock\/Dark|[silent]
|-weather|Sandstorm|[from] ability: Sand Stream|[of] p1a: ten letter giant
|move|p2a: Snorlax|Curse|p2a: Snorlax
|-unboost|p2a: Snorlax|spe|1
|-boost|p2a: Snorlax|atk|1
|-boost|p2a: Snorlax|def|1
|
|-weather|Sandstorm|[upkeep]
|-damage|p2a: Snorlax|60\/100|[from] Sandstorm
|-heal|p2a: Snorlax|66\/100|[from] item: Leftovers
|upkeep
|turn|33
|
|t:|1685582818
|move|p1a: ten letter giant|Dragon Dance|p1a: ten letter giant
|-boost|p1a: ten letter giant|atk|1
|-boost|p1a: ten letter giant|spe|1
|move|p2a: Snorlax|Return|p1a: ten letter giant
|-resisted|p1a: ten letter giant
|-end|p1a: ten letter giant|Substitute
|
|-weather|Sandstorm|[upkeep]
|-damage|p2a: Snorlax|60\/100|[from] Sandstorm
|-heal|p2a: Snorlax|66\/100|[from] item: Leftovers
|upkeep
|turn|34
|
|t:|1685582846
|switch|p2a: Suicune|Suicune|85\/100
|-start|p2a: Suicune|typechange|Water|[silent]
|-damage|p2a: Suicune|73\/100|[from] Spikes
|move|p1a: ten letter giant|Dragon Dance|p1a: ten letter giant
|-boost|p1a: ten letter giant|atk|1
|-boost|p1a: ten letter giant|spe|1
|
|-weather|Sandstorm|[upkeep]
|-damage|p2a: Suicune|66\/100|[from] Sandstorm
|-heal|p2a: Suicune|73\/100|[from] item: Leftovers
|upkeep
|turn|35
|
|t:|1685582897
|move|p1a: ten letter giant|Earthquake|p2a: Suicune
|-damage|p2a: Suicune|13\/100
|move|p2a: Suicune|Surf|p1a: ten letter giant
|-supereffective|p1a: ten letter giant
|-damage|p1a: ten letter giant|16\/100
|
|-weather|Sandstorm|[upkeep]
|-damage|p2a: Suicune|7\/100|[from] Sandstorm
|-heal|p1a: ten letter giant|22\/100|[from] item: Leftovers
|-heal|p2a: Suicune|13\/100|[from] item: Leftovers
|upkeep
|turn|36
|
|t:|1685582905
|move|p1a: ten letter giant|Hidden Power|p2a: Suicune
|-damage|p2a: Suicune|0 fnt
|faint|p2a: Suicune
|
|t:|1685582911
|switch|p2a: Sunflora|Sunflora, M|100\/100
|-damage|p2a: Sunflora|88\/100|[from] Spikes
|-start|p2a: Sunflora|typechange|Grass|[silent]
|-weather|DesolateLand|[from] ability: Desolate Land|[of] p2a: Sunflora
|
|-weather|DesolateLand|[upkeep]
|-heal|p1a: ten letter giant|28\/100|[from] item: Leftovers
|-heal|p2a: Sunflora|94\/100|[from] item: Leftovers
|upkeep
|turn|37
|
|t:|1685582919
|move|p1a: ten letter giant|Hidden Power|p2a: Sunflora
|-supereffective|p2a: Sunflora
|-damage|p2a: Sunflora|0 fnt
|faint|p2a: Sunflora
|-weather|none
|-message|JimCool forfeited.
|
|win|bynum
|c|+DkKoba|gg
|c|☆bynum|gg
|l|☆bynum
|l|+G-Luke
|c|☆JimCool|gg
|l|☆JimCool
|j|☆JimCool
|player|p2|JimCool|pokefan-gen4
|l|☆JimCool
|player|p2|
</script>
</div>
<div class="battle-log battle-log-inline"><div class="inner"><div class="battle-options"><div style="padding-top: 3px; padding-right: 3px; text-align: right"><button class="icon button" name="openBattleOptions" title="Options">Battle Options</button></div></div><div class="inner message-log"><div class="chat"><small>☆bynum and ☆JimCool joined</small></div><div class=""><small>Format:</small> <br><strong>[Gen 3] Hoenn Gaiden</strong></div><div class=""><small><em>Sleep Clause Mod:</em> Limit one foe put to sleep</small></div><div class=""><small><em>Switch Priority Clause Mod:</em> Faster Pokémon switch first</small></div><div class=""><small><em>Species Clause:</em> Limit one of each Pokémon</small></div><div class=""><small><em>OHKO Clause:</em> OHKO moves are banned</small></div><div class=""><small><em>Moody Clause:</em> Moody is banned</small></div><div class=""><small><em>Evasion Moves Clause:</em> Evasion moves are banned</small></div><div class=""><small><em>Endless Battle Clause:</em> Forcing endless battles is banned</small></div><div class=""><small><em>HP Percentage Mod:</em> HP is shown in percentages</small></div><div class="chat"><img src="https://cdn.discordapp.com/attachments/510822010922860545/864665757446045716/Hoenn_Gaiden_Banner.png" height="213" width="381"></div><div class="spacer battle-history"><br></div><div class="battle-history"><small>Welcome to Hoenn Gaiden!</small><br></div><div class="battle-history"><small>This is a [Gen 3] OU-based format where we add later generation Pokemon, items, moves, and abilities, as well as change up existing ones!</small><br></div><div class="battle-history"><small>You can find our thread and metagame resources here:</small><br></div><div class="battle-history"><small>https://www.smogon.com/forums/threads/hoenn-gaiden-pet-mod-of-the-season-slate-8-concept-voting.3681339/</small><br></div><div class=""><small><em>Baton Pass Mod:</em> Positive stat boosts are reset upon using Baton Pass</small></div><div class=""><small><em>Illegal Baton Pass Clause:</em> Do not allow Baton Pass with the combination of Mean Look/Spider Web/Block/Ingrain</small></div><div class=""><small><em>Freeze Clause Mod:</em> Limit one foe frozen</small></div><div class="spacer battle-history"><br></div><div class="battle-history">Battle started between bynum and JimCool!<br></div><div class="spacer battle-history"><br></div><div class="battle-history">Go! ten letter giant (<strong>Tyranitar</strong>)!<br></div><div class="spacer battle-history"><br></div><div class="battle-history">JimCool sent out <strong>Sunflora</strong>!<br></div><div class="chat"><ul class="utilichart"><li class="result"><span class="col pokemonnamecol" style="white-space: nowrap">Tyranitar</span> <span class="col typecol"><img src="https://play.pokemonshowdown.com/sprites/types/Rock.png" alt="Rock" height="14" width="32"><img src="https://play.pokemonshowdown.com/sprites/types/Dark.png" alt="Dark" height="14" width="32"></span> <span style="float: left ; min-height: 26px"><span class="col abilitycol">Sand Stream</span><span class="col abilitycol"></span></span></li><li style="clear: both"></li></ul></div><div class="chat"><ul class="utilichart"><li class="result"><span style="float: left ; min-height: 26px"><span class="col statcol"><em>HP</em><br>100</span> <span class="col statcol"><em>Atk</em><br>134</span> <span class="col statcol"><em>Def</em><br>110</span> <span class="col statcol"><em>SpA</em><br>95</span> <span class="col statcol"><em>SpD</em><br>100</span> <span class="col statcol"><em>Spe</em><br>61</span> </span></li><li style="clear: both"></li></ul></div><div class="battle-history">[ten letter giant's Sand Stream]<br><small>A sandstorm kicked up!</small><br></div><div class="chat"><ul class="utilichart"><li class="result"><span class="col pokemonnamecol" style="white-space: nowrap">Sunflora</span> <span class="col typecol"><img src="https://play.pokemonshowdown.com/sprites/types/Grass.png" alt="Grass" height="14" width="32"></span> <span style="float: left ; min-height: 26px"><span class="col abilitycol">Desolate Land</span><span class="col abilitycol"></span></span></li><li style="clear: both"></li></ul></div><div class="chat"><ul class="utilichart"><li class="result"><span style="float: left ; min-height: 26px"><span class="col statcol"><em>HP</em><br>85</span> <span class="col statcol"><em>Atk</em><br>65</span> <span class="col statcol"><em>Def</em><br>85</span> <span class="col statcol"><em>SpA</em><br>105</span> <span class="col statcol"><em>SpD</em><br>95</span> <span class="col statcol"><em>Spe</em><br>30</span> </span></li><li style="clear: both"></li></ul></div><div class="battle-history">[The opposing Sunflora's Desolate Land]<br><small>The sunlight turned extremely harsh!</small><br></div><div class="spacer battle-history"><br></div><h2 class="battle-history">Turn 1</h2><div class="chat chatmessage-bynum"><strong style="color:#0aa6b1"><small>☆</small><span class="username" data-name="bynum">bynum</span>:</strong> <em>hf</em></div><div class="chat chatmessage-jimcool"><strong style="color:#729c17"><small>☆</small><span class="username" data-name="JimCool">JimCool</span>:</strong> <em>hf</em></div><div class="chat"><small>+DkKoba joined</small></div><div class="spacer battle-history"><br></div><div class="battle-history">ten letter giant, come back!<br></div><div class="battle-history">Go! round my way (<strong>Lapras</strong>)!<br></div><div class="chat"><ul class="utilichart"><li class="result"><span class="col pokemonnamecol" style="white-space: nowrap">Lapras</span> <span class="col typecol"><img src="https://play.pokemonshowdown.com/sprites/types/Dragon.png" alt="Dragon" height="14" width="32"><img src="https://play.pokemonshowdown.com/sprites/types/Ice.png" alt="Ice" height="14" width="32"></span> <span style="float: left ; min-height: 26px"><span class="col abilitycol">Water Absorb / Shell Armor</span><span class="col abilitycol"></span></span></li><li style="clear: both"></li></ul></div><div class="chat"><ul class="utilichart"><li class="result"><span style="float: left ; min-height: 26px"><span class="col statcol"><em>HP</em><br>130</span> <span class="col statcol"><em>Atk</em><br>85</span> <span class="col statcol"><em>Def</em><br>80</span> <span class="col statcol"><em>SpA</em><br>85</span> <span class="col statcol"><em>SpD</em><br>95</span> <span class="col statcol"><em>Spe</em><br>60</span> </span></li><li style="clear: both"></li></ul></div><div class="battle-history"><small>The extremely harsh sunlight faded.</small><br></div><div class="spacer battle-history"><br></div><div class="battle-history">JimCool withdrew Sunflora!<br></div><div class="battle-history">JimCool sent out <strong>Suicune</strong>!<br></div><div class="chat"><ul class="utilichart"><li class="result"><span class="col pokemonnamecol" style="white-space: nowrap">Suicune</span> <span class="col typecol"><img src="https://play.pokemonshowdown.com/sprites/types/Water.png" alt="Water" height="14" width="32"></span> <span style="float: left ; min-height: 26px"><span class="col abilitycol">Pressure</span><span class="col abilitycol"></span></span></li><li style="clear: both"></li></ul></div><div class="chat"><ul class="utilichart"><li class="result"><span style="float: left ; min-height: 26px"><span class="col statcol"><em>HP</em><br>100</span> <span class="col statcol"><em>Atk</em><br>75</span> <span class="col statcol"><em>Def</em><br>115</span> <span class="col statcol"><em>SpA</em><br>90</span> <span class="col statcol"><em>SpD</em><br>115</span> <span class="col statcol"><em>Spe</em><br>85</span> </span></li><li style="clear: both"></li></ul></div><div class="spacer battle-history"><br></div><h2 class="battle-history">Turn 2</h2><div class="spacer battle-history"><br></div><div class="battle-history">JimCool withdrew Suicune!<br></div><div class="battle-history">JimCool sent out <strong>Snorlax</strong>!<br></div><div class="chat"><ul class="utilichart"><li class="result"><span class="col pokemonnamecol" style="white-space: nowrap">Snorlax</span> <span class="col typecol"><img src="https://play.pokemonshowdown.com/sprites/types/Normal.png" alt="Normal" height="14" width="32"></span> <span style="float: left ; min-height: 26px"><span class="col abilitycol">Immunity / Thick Fat</span><span class="col abilitycol"></span></span></li><li style="clear: both"></li></ul></div><div class="chat"><ul class="utilichart"><li class="result"><span style="float: left ; min-height: 26px"><span class="col statcol"><em>HP</em><br>160</span> <span class="col statcol"><em>Atk</em><br>110</span> <span class="col statcol"><em>Def</em><br>65</span> <span class="col statcol"><em>SpA</em><br>65</span> <span class="col statcol"><em>SpD</em><br>110</span> <span class="col statcol"><em>Spe</em><br>30</span> </span></li><li style="clear: both"></li></ul></div><div class="spacer battle-history"><br></div><div class="battle-history">round my way used <strong>Roar</strong>!<br></div><div class="spacer battle-history"><br></div><div class="battle-history">Weezing (<strong>Weezing-Galar</strong>) was dragged out!<br></div><div class="chat"><ul class="utilichart"><li class="result"><span class="col pokemonnamecol" style="white-space: nowrap">Weezing-Galar</span> <span class="col typecol"><img src="https://play.pokemonshowdown.com/sprites/types/Poison.png" alt="Poison" height="14" width="32"><img src="https://play.pokemonshowdown.com/sprites/types/Water.png" alt="Water" height="14" width="32"></span> <span style="float: left ; min-height: 26px"><span class="col abilitycol">Levitate</span><span class="col abilitycol"></span></span></li><li style="clear: both"></li></ul></div><div class="chat"><ul class="utilichart"><li class="result"><span style="float: left ; min-height: 26px"><span class="col statcol"><em>HP</em><br>65</span> <span class="col statcol"><em>Atk</em><br>90</span> <span class="col statcol"><em>Def</em><br>120</span> <span class="col statcol"><em>SpA</em><br>85</span> <span class="col statcol"><em>SpD</em><br>70</span> <span class="col statcol"><em>Spe</em><br>60</span> </span></li><li style="clear: both"></li></ul></div><div class="spacer battle-history"><br></div><h2 class="battle-history">Turn 3</h2><div class="spacer battle-history"><br></div><div class="battle-history">JimCool withdrew Weezing!<br></div><div class="battle-history">JimCool sent out <strong>Snorlax</strong>!<br></div><div class="spacer battle-history"><br></div><div class="battle-history">round my way used <strong>Ice Beam</strong>!<br></div><div class="battle-history"><small>A critical hit!</small><br></div><div class="battle-history"><small>(The opposing Snorlax lost 29% of its health!)</small><br></div><div class="spacer battle-history"><br></div><div class="battle-history"><small>The opposing Snorlax restored a little HP using its Leftovers!</small><br></div><div class="spacer battle-history"><br></div><h2 class="battle-history">Turn 4</h2><div class="chat chatmessage-dkkoba"><strong style="color:#269c79"><small>+</small><span class="username" data-name="DkKoba">DkKoba</span>:</strong> <em>GO TINKA CREW</em></div><div class="spacer battle-history"><br></div><div class="battle-history">round my way, come back!<br></div><div class="battle-history">Go! baby sir (<strong>Chesnaught</strong>)!<br></div><div class="chat"><ul class="utilichart"><li class="result"><span class="col pokemonnamecol" style="white-space: nowrap">Chesnaught</span> <span class="col typecol"><img src="https://play.pokemonshowdown.com/sprites/types/Grass.png" alt="Grass" height="14" width="32"><img src="https://play.pokemonshowdown.com/sprites/types/Fighting.png" alt="Fighting" height="14" width="32"></span> <span style="float: left ; min-height: 26px"><span class="col abilitycol">Overgrow / Rough Skin</span><span class="col abilitycol"></span></span></li><li style="clear: both"></li></ul></div><div class="chat"><ul class="utilichart"><li class="result"><span style="float: left ; min-height: 26px"><span class="col statcol"><em>HP</em><br>88</span> <span class="col statcol"><em>Atk</em><br>107</span> <span class="col statcol"><em>Def</em><br>122</span> <span class="col statcol"><em>SpA</em><br>74</span> <span class="col statcol"><em>SpD</em><br>75</span> <span class="col statcol"><em>Spe</em><br>68</span> </span></li><li style="clear: both"></li></ul></div><div class="spacer battle-history"><br></div><div class="battle-history">The opposing Snorlax used <strong>Curse</strong>!<br></div><div class="battle-history"><small>The opposing Snorlax's Speed fell!</small><br></div><div class="battle-history"><small>The opposing Snorlax's Attack rose!</small><br></div><div class="battle-history"><small>The opposing Snorlax's Defense rose!</small><br></div><div class="spacer battle-history"><br></div><div class="battle-history"><small>The opposing Snorlax restored a little HP using its Leftovers!</small><br></div><div class="spacer battle-history"><br></div><h2 class="battle-history">Turn 5</h2><div class="spacer battle-history"><br></div><div class="battle-history">JimCool withdrew Snorlax!<br></div><div class="battle-history">JimCool sent out <strong>Talonflame</strong>!<br></div><div class="chat"><ul class="utilichart"><li class="result"><span class="col pokemonnamecol" style="white-space: nowrap">Talonflame</span> <span class="col typecol"><img src="https://play.pokemonshowdown.com/sprites/types/Fire.png" alt="Fire" height="14" width="32"><img src="https://play.pokemonshowdown.com/sprites/types/Flying.png" alt="Flying" height="14" width="32"></span> <span style="float: left ; min-height: 26px"><span class="col abilitycol">Flame Body</span><span class="col abilitycol"></span></span></li><li style="clear: both"></li></ul></div><div class="chat"><ul class="utilichart"><li class="result"><span style="float: left ; min-height: 26px"><span class="col statcol"><em>HP</em><br>78</span> <span class="col statcol"><em>Atk</em><br>81</span> <span class="col statcol"><em>Def</em><br>71</span> <span class="col statcol"><em>SpA</em><br>74</span> <span class="col statcol"><em>SpD</em><br>69</span> <span class="col statcol"><em>Spe</em><br>126</span> </span></li><li style="clear: both"></li></ul></div><div class="spacer battle-history"><br></div><div class="battle-history">baby sir used <strong>Circle Throw</strong>!<br></div><div class="battle-history"><small>It's not very effective...</small><br></div><div class="battle-history"><small>(The opposing Talonflame lost 12% of its health!)</small><br></div><div class="spacer battle-history"><br></div><div class="battle-history"><strong>Dugtrio</strong> was dragged out!<br></div><div class="chat"><ul class="utilichart"><li class="result"><span class="col pokemonnamecol" style="white-space: nowrap">Dugtrio</span> <span class="col typecol"><img src="https://play.pokemonshowdown.com/sprites/types/Ground.png" alt="Ground" height="14" width="32"></span> <span style="float: left ; min-height: 26px"><span class="col abilitycol">Arena Trap</span><span class="col abilitycol"></span></span></li><li style="clear: both"></li></ul></div><div class="chat"><ul class="utilichart"><li class="result"><span style="float: left ; min-height: 26px"><span class="col statcol"><em>HP</em><br>35</span> <span class="col statcol"><em>Atk</em><br>80</span> <span class="col statcol"><em>Def</em><br>50</span> <span class="col statcol"><em>SpA</em><br>50</span> <span class="col statcol"><em>SpD</em><br>70</span> <span class="col statcol"><em>Spe</em><br>120</span> </span></li><li style="clear: both"></li></ul></div><div class="spacer battle-history"><br></div><h2 class="battle-history">Turn 6</h2><div class="spacer battle-history"><br></div><div class="battle-history">JimCool withdrew Dugtrio!<br></div><div class="battle-history">JimCool sent out <strong>Talonflame</strong>!<br></div><div class="spacer battle-history"><br></div><div class="battle-history">baby sir used <strong>Spikes</strong>!<br></div><div class="battle-history"><small>Spikes were scattered on the ground all around the opposing team!</small><br></div><div class="spacer battle-history"><br></div><div class="battle-history"><small>The opposing Talonflame restored a little HP using its Leftovers!</small><br></div><div class="spacer battle-history"><br></div><h2 class="battle-history">Turn 7</h2><div class="spacer battle-history"><br></div><div class="battle-history">baby sir, come back!<br></div><div class="battle-history">Go! round my way (<strong>Lapras</strong>)!<br></div><div class="spacer battle-history"><br></div><div class="battle-history">The opposing Talonflame used <strong>Will-O-Wisp</strong>!<br></div><div class="battle-history"><small>round my way avoided the attack!</small><br></div><div class="spacer battle-history"><br></div><div class="battle-history"><small>The opposing Talonflame restored a little HP using its Leftovers!</small><br></div><div class="spacer battle-history"><br></div><h2 class="battle-history">Turn 8</h2><div class="spacer battle-history"><br></div><div class="battle-history">The opposing Talonflame used <strong>Rapid Spin</strong>!<br></div><div class="battle-history"><small>(round my way lost 2% of its health!)</small><br></div><div class="battle-history"><small>The spikes disappeared from the ground around the opposing team!</small><br></div><div class="spacer battle-history"><br></div><div class="battle-history">round my way used <strong>Ice Beam</strong>!<br></div><div class="battle-history"><small>(The opposing Talonflame lost 35% of its health!)</small><br></div><div class="battle-history"><small>The opposing Talonflame was frozen solid!</small><br></div><div class="spacer battle-history"><br></div><div class="battle-history"><small>The opposing Talonflame restored a little HP using its Leftovers!</small><br></div><div class="battle-history"><small>round my way restored a little HP using its Leftovers!</small><br></div><div class="spacer battle-history"><br></div><h2 class="battle-history">Turn 9</h2><div class="chat"><small>+G-Luke joined</small></div><div class="spacer battle-history"><br></div><div class="battle-history">JimCool withdrew Talonflame!<br></div><div class="battle-history">JimCool sent out <strong>Snorlax</strong>!<br></div><div class="spacer battle-history"><br></div><div class="battle-history">round my way used <strong>Ice Beam</strong>!<br></div><div class="battle-history"><small>(The opposing Snorlax lost 15% of its health!)</small><br></div><div class="spacer battle-history"><br></div><div class="battle-history"><small>The opposing Snorlax restored a little HP using its Leftovers!</small><br></div><div class="spacer battle-history"><br></div><h2 class="battle-history">Turn 10</h2><div class="spacer battle-history"><br></div><div class="battle-history">round my way, come back!<br></div><div class="battle-history">Go! baby sir (<strong>Chesnaught</strong>)!<br></div><div class="spacer battle-history"><br></div><div class="battle-history">The opposing Snorlax used <strong>Return</strong>!<br></div><div class="battle-history"><small>A critical hit!</small><br></div><div class="battle-history"><small>(baby sir lost 48% of its health!)</small><br></div><div class="battle-history">[baby sir's Rough Skin]<br><small>The opposing Snorlax was hurt!</small><br></div><div class="spacer battle-history"><br></div><div class="battle-history"><small>baby sir restored a little HP using its Leftovers!</small><br></div><div class="battle-history"><small>The opposing Snorlax restored a little HP using its Leftovers!</small><br></div><div class="spacer battle-history"><br></div><h2 class="battle-history">Turn 11</h2><div class="chat chatmessage-gluke"><strong style="color:#8d7d11"><small>+</small><span class="username" data-name="G-Luke">G-Luke</span>:</strong> <em>Let's goo bynun!!!!</em></div><div class="spacer battle-history"><br></div><div class="battle-history">JimCool withdrew Snorlax!<br></div><div class="battle-history">JimCool sent out Weezing (<strong>Weezing-Galar</strong>)!<br></div><div class="spacer battle-history"><br></div><div class="battle-history">baby sir used <strong>Circle Throw</strong>!<br></div><div class="battle-history"><small>The opposing Weezing avoided the attack!</small><br></div><div class="spacer battle-history"><br></div><div class="battle-history"><small>baby sir restored a little HP using its Leftovers!</small><br></div><div class="spacer battle-history"><br></div><h2 class="battle-history">Turn 12</h2><div class="spacer battle-history"><br></div><div class="battle-history">baby sir, come back!<br></div><div class="battle-history">Go! round my way (<strong>Lapras</strong>)!<br></div><div class="spacer battle-history"><br></div><div class="battle-history">The opposing Weezing used <strong>Aromatherapy</strong>!<br></div><div class="battle-history"><small>A soothing aroma wafted through the area!</small><br></div><div class="spacer battle-history"><br></div><h2 class="battle-history">Turn 13</h2><div class="spacer battle-history"><br></div><div class="battle-history">JimCool withdrew Weezing!<br></div><div class="battle-history">JimCool sent out <strong>Suicune</strong>!<br></div><div class="spacer battle-history"><br></div><div class="battle-history">round my way used <strong>Ice Beam</strong>!<br></div><div class="battle-history"><small>It's not very effective...</small><br></div><div class="battle-history"><small>(The opposing Suicune lost 11% of its health!)</small><br></div><div class="spacer battle-history"><br></div><div class="battle-history"><small>The opposing Suicune restored a little HP using its Leftovers!</small><br></div><div class="spacer battle-history"><br></div><h2 class="battle-history">Turn 14</h2><div class="spacer battle-history"><br></div><div class="battle-history">JimCool withdrew Suicune!<br></div><div class="battle-history">JimCool sent out <strong>Snorlax</strong>!<br></div><div class="spacer battle-history"><br></div><div class="battle-history">round my way used <strong>Roar</strong>!<br></div><div class="spacer battle-history"><br></div><div class="battle-history">Weezing (<strong>Weezing-Galar</strong>) was dragged out!<br></div><div class="spacer battle-history"><br></div><h2 class="battle-history">Turn 15</h2><div class="spacer battle-history"><br></div><div class="battle-history">round my way used <strong>Ice Beam</strong>!<br></div><div class="battle-history"><small>It's not very effective...</small><br></div><div class="battle-history"><small>(The opposing Weezing lost 18% of its health!)</small><br></div><div class="battle-history"><small>The opposing Weezing was frozen solid!</small><br></div><div class="spacer battle-history"><br></div><div class="battle-history">The opposing Weezing is frozen solid!<br></div><div class="spacer battle-history"><br></div><div class="battle-history"><small>The opposing Weezing restored a little HP using its Leftovers!</small><br></div><div class="spacer battle-history"><br></div><h2 class="battle-history">Turn 16</h2><div class="spacer battle-history"><br></div><div class="battle-history">round my way, come back!<br></div><div class="battle-history">Go! free mind (<strong>Hariyama</strong>)!<br></div><div class="chat"><ul class="utilichart"><li class="result"><span class="col pokemonnamecol" style="white-space: nowrap">Hariyama</span> <span class="col typecol"><img src="https://play.pokemonshowdown.com/sprites/types/Fighting.png" alt="Fighting" height="14" width="32"></span> <span style="float: left ; min-height: 26px"><span class="col abilitycol">Thick Fat / Guts</span><span class="col abilitycol"></span></span></li><li style="clear: both"></li></ul></div><div class="chat"><ul class="utilichart"><li class="result"><span style="float: left ; min-height: 26px"><span class="col statcol"><em>HP</em><br>144</span> <span class="col statcol"><em>Atk</em><br>120</span> <span class="col statcol"><em>Def</em><br>60</span> <span class="col statcol"><em>SpA</em><br>40</span> <span class="col statcol"><em>SpD</em><br>60</span> <span class="col statcol"><em>Spe</em><br>50</span> </span></li><li style="clear: both"></li></ul></div><div class="spacer battle-history"><br></div><div class="battle-history">The opposing Weezing is frozen solid!<br></div><div class="spacer battle-history"><br></div><div class="battle-history"><small>The opposing Weezing restored a little HP using its Leftovers!</small><br></div><div class="spacer battle-history"><br></div><h2 class="battle-history">Turn 17</h2><div class="spacer battle-history"><br></div><div class="battle-history">JimCool withdrew Weezing!<br></div><div class="battle-history">JimCool sent out <strong>Talonflame</strong>!<br></div><div class="spacer battle-history"><br></div><div class="battle-history">free mind used <strong>Knock Off</strong>!<br></div><div class="battle-history"><small>(The opposing Talonflame lost 3% of its health!)</small><br></div><div class="battle-history"><small>free mind knocked off the opposing Talonflame's Leftovers!</small><br></div><div class="spacer battle-history"><br></div><h2 class="battle-history">Turn 18</h2><div class="spacer battle-history"><br></div><div class="battle-history">The opposing Talonflame used <strong>Soft-Boiled</strong>!<br></div><div class="battle-history"><small>The opposing Talonflame had its HP restored.</small><br></div><div class="spacer battle-history"><br></div><div class="battle-history">free mind used <strong>Rock Slide</strong>!<br></div><div class="battle-history"><small>It's super effective!</small><br></div><div class="battle-history"><small>(The opposing Talonflame lost 95% of its health!)</small><br></div><div class="spacer battle-history"><br></div><h2 class="battle-history">Turn 19</h2><div class="spacer battle-history"><br></div><div class="battle-history">JimCool withdrew Talonflame!<br></div><div class="battle-history">JimCool sent out <strong>Suicune</strong>!<br></div><div class="spacer battle-history"><br></div><div class="battle-history">free mind used <strong>Brick Break</strong>!<br></div><div class="battle-history"><small>(The opposing Suicune lost 23% of its health!)</small><br></div><div class="spacer battle-history"><br></div><div class="battle-history"><small>The opposing Suicune restored a little HP using its Leftovers!</small><br></div><div class="spacer battle-history"><br></div><h2 class="battle-history">Turn 20</h2><div class="spacer battle-history"><br></div><div class="battle-history">free mind, come back!<br></div><div class="battle-history">Go! round my way (<strong>Lapras</strong>)!<br></div><div class="spacer battle-history"><br></div><div class="battle-history">The opposing Suicune used <strong>Surf</strong>!<br></div><div class="battle-history"><small>It's not very effective...</small><br></div><div class="battle-history"><small>(round my way lost 12% of its health!)</small><br></div><div class="spacer battle-history"><br></div><div class="battle-history"><small>The opposing Suicune restored a little HP using its Leftovers!</small><br></div><div class="battle-history"><small>round my way restored a little HP using its Leftovers!</small><br></div><div class="spacer battle-history"><br></div><h2 class="battle-history">Turn 21</h2><div class="spacer battle-history"><br></div><div class="battle-history">JimCool withdrew Suicune!<br></div><div class="battle-history">JimCool sent out Weezing (<strong>Weezing-Galar</strong>)!<br></div><div class="spacer battle-history"><br></div><div class="battle-history">round my way used <strong>Roar</strong>!<br></div><div class="spacer battle-history"><br></div><div class="battle-history"><strong>Sunflora</strong> was dragged out!<br></div><div class="battle-history">[The opposing Sunflora's Desolate Land]<br><small>The sunlight turned extremely harsh!</small><br></div><div class="spacer battle-history"><br></div><div class="battle-history"><small>round my way restored a little HP using its Leftovers!</small><br></div><div class="spacer battle-history"><br></div><h2 class="battle-history">Turn 22</h2><div class="spacer battle-history"><br></div><div class="battle-history">round my way, come back!<br></div><div class="battle-history">Go! i'll buy it (<strong>Plusle</strong>)!<br></div><div class="chat"><ul class="utilichart"><li class="result"><span class="col pokemonnamecol" style="white-space: nowrap">Plusle</span> <span class="col typecol"><img src="https://play.pokemonshowdown.com/sprites/types/Electric.png" alt="Electric" height="14" width="32"><img src="https://play.pokemonshowdown.com/sprites/types/Fire.png" alt="Fire" height="14" width="32"></span> <span style="float: left ; min-height: 26px"><span class="col abilitycol">Galvanize / Flash Fire</span><span class="col abilitycol"></span></span></li><li style="clear: both"></li></ul></div><div class="chat"><ul class="utilichart"><li class="result"><span style="float: left ; min-height: 26px"><span class="col statcol"><em>HP</em><br>80</span> <span class="col statcol"><em>Atk</em><br>60</span> <span class="col statcol"><em>Def</em><br>60</span> <span class="col statcol"><em>SpA</em><br>95</span> <span class="col statcol"><em>SpD</em><br>85</span> <span class="col statcol"><em>Spe</em><br>105</span> </span></li><li style="clear: both"></li></ul></div><div class="battle-history"><small>The extremely harsh sunlight faded.</small><br></div><div class="spacer battle-history"><br></div><div class="battle-history">JimCool withdrew Sunflora!<br></div><div class="battle-history">JimCool sent out Weezing (<strong>Weezing-Galar</strong>)!<br></div><div class="spacer battle-history"><br></div><div class="battle-history"><small>The opposing Weezing restored a little HP using its Leftovers!</small><br></div><div class="spacer battle-history"><br></div><h2 class="battle-history">Turn 23</h2><div class="spacer battle-history"><br></div><div class="battle-history">JimCool withdrew Weezing!<br></div><div class="battle-history">JimCool sent out <strong>Snorlax</strong>!<br></div><div class="spacer battle-history"><br></div><div class="battle-history">i'll buy it used <strong>Substitute</strong>!<br></div><div class="battle-history"><small>i'll buy it put in a substitute!</small><br></div><div class="battle-history"><small>(i'll buy it lost 25% of its health!)</small><br></div><div class="spacer battle-history"><br></div><div class="battle-history"><small>i'll buy it restored a little HP using its Leftovers!</small><br></div><div class="battle-history"><small>The opposing Snorlax restored a little HP using its Leftovers!</small><br></div><div class="spacer battle-history"><br></div><h2 class="battle-history">Turn 24</h2><div class="spacer battle-history"><br></div><div class="battle-history">i'll buy it used <strong>Baton Pass</strong>!<br></div><div class="spacer battle-history"><br></div><div class="battle-history">Go! ten letter giant (<strong>Tyranitar</strong>)!<br></div><div class="battle-history">[ten letter giant's Sand Stream]<br><small>A sandstorm kicked up!</small><br></div><div class="spacer battle-history"><br></div><div class="battle-history">The opposing Snorlax used <strong>Return</strong>!<br></div><div class="battle-history"><small>It's not very effective...</small><br></div><div class="battle-history"><small>A critical hit!</small><br></div><div class="battle-history"><small>ten letter giant's substitute faded!</small><br></div><div class="spacer battle-history"><br></div><div class="battle-history"><small>(The sandstorm is raging.)</small><br></div><div class="battle-history"><small>The opposing Snorlax is buffeted by the sandstorm!</small><br></div><div class="battle-history"><small>The opposing Snorlax restored a little HP using its Leftovers!</small><br></div><div class="spacer battle-history"><br></div><h2 class="battle-history">Turn 25</h2><div class="spacer battle-history"><br></div><div class="battle-history">JimCool withdrew Snorlax!<br></div><div class="battle-history">JimCool sent out <strong>Suicune</strong>!<br></div><div class="spacer battle-history"><br></div><div class="battle-history">ten letter giant used <strong>Dragon Dance</strong>!<br></div><div class="battle-history"><small>ten letter giant's Attack rose!</small><br></div><div class="battle-history"><small>ten letter giant's Speed rose!</small><br></div><div class="spacer battle-history"><br></div><div class="battle-history"><small>(The sandstorm is raging.)</small><br></div><div class="battle-history"><small>The opposing Suicune is buffeted by the sandstorm!</small><br></div><div class="battle-history"><small>The opposing Suicune restored a little HP using its Leftovers!</small><br></div><div class="spacer battle-history"><br></div><h2 class="battle-history">Turn 26</h2><div class="spacer battle-history"><br></div><div class="battle-history">ten letter giant, come back!<br></div><div class="battle-history">Go! round my way (<strong>Lapras</strong>)!<br></div><div class="spacer battle-history"><br></div><div class="battle-history">JimCool withdrew Suicune!<br></div><div class="battle-history">JimCool sent out <strong>Talonflame</strong>!<br></div><div class="spacer battle-history"><br></div><div class="battle-history"><small>(The sandstorm is raging.)</small><br></div><div class="battle-history"><small>The opposing Talonflame is buffeted by the sandstorm!</small><br></div><div class="battle-history"><small>round my way is buffeted by the sandstorm!</small><br></div><div class="spacer battle-history"><br></div><div class="battle-history">The opposing Talonflame fainted!<br></div><div class="battle-history"><small>round my way restored a little HP using its Leftovers!</small><br></div><div class="spacer battle-history"><br></div><div class="battle-history">JimCool sent out <strong>Sunflora</strong>!<br></div><div class="battle-history">[The opposing Sunflora's Desolate Land]<br><small>The sunlight turned extremely harsh!</small><br></div><div class="spacer battle-history"><br></div><h2 class="battle-history">Turn 27</h2><div class="spacer battle-history"><br></div><div class="battle-history"><small>The extremely harsh sunlight faded.</small><br></div><div class="spacer battle-history"><br></div><div class="battle-history">JimCool withdrew Sunflora!<br></div><div class="battle-history">JimCool sent out <strong>Snorlax</strong>!<br></div><div class="spacer battle-history"><br></div><div class="battle-history">round my way used <strong>Ice Beam</strong>!<br></div><div class="battle-history"><small>(The opposing Snorlax lost 15% of its health!)</small><br></div><div class="spacer battle-history"><br></div><div class="battle-history"><small>The opposing Snorlax restored a little HP using its Leftovers!</small><br></div><div class="spacer battle-history"><br></div><h2 class="battle-history">Turn 28</h2><div class="spacer battle-history"><br></div><div class="battle-history">round my way, come back!<br></div><div class="battle-history">Go! baby sir (<strong>Chesnaught</strong>)!<br></div><div class="spacer battle-history"><br></div><div class="battle-history">The opposing Snorlax used <strong>Return</strong>!<br></div><div class="battle-history"><small>(baby sir lost 24% of its health!)</small><br></div><div class="battle-history">[baby sir's Rough Skin]<br><small>The opposing Snorlax was hurt!</small><br></div><div class="spacer battle-history"><br></div><div class="battle-history"><small>baby sir restored a little HP using its Leftovers!</small><br></div><div class="battle-history"><small>The opposing Snorlax restored a little HP using its Leftovers!</small><br></div><div class="spacer battle-history"><br></div><h2 class="battle-history">Turn 29</h2><div class="spacer battle-history"><br></div><div class="battle-history">JimCool withdrew Snorlax!<br></div><div class="battle-history">JimCool sent out <strong>Dugtrio</strong>!<br></div><div class="spacer battle-history"><br></div><div class="battle-history">baby sir used <strong>Spikes</strong>!<br></div><div class="battle-history"><small>Spikes were scattered on the ground all around the opposing team!</small><br></div><div class="spacer battle-history"><br></div><div class="battle-history"><small>baby sir restored a little HP using its Leftovers!</small><br></div><div class="spacer battle-history"><br></div><h2 class="battle-history">Turn 30</h2><div class="spacer battle-history"><br></div><div class="battle-history">The opposing Dugtrio used <strong>Aerial Ace</strong>!<br></div><div class="battle-history"><small>It's super effective!</small><br></div><div class="battle-history"><small>(baby sir lost 52% of its health!)</small><br></div><div class="battle-history">[baby sir's Rough Skin]<br><small>The opposing Dugtrio was hurt!</small><br></div><div class="spacer battle-history"><br></div><div class="battle-history">baby sir fainted!<br></div><div class="spacer battle-history"><br></div><div class="battle-history">Go! i'll buy it (<strong>Plusle</strong>)!<br></div><div class="spacer battle-history"><br></div><div class="battle-history"><small>i'll buy it restored a little HP using its Leftovers!</small><br></div><div class="spacer battle-history"><br></div><h2 class="battle-history">Turn 31</h2><div class="spacer battle-history"><br></div><div class="battle-history">JimCool withdrew Dugtrio!<br></div><div class="battle-history">JimCool sent out <strong>Snorlax</strong>!<br></div><div class="battle-history"><small>The opposing Snorlax was hurt by the spikes!</small><br></div><div class="spacer battle-history"><br></div><div class="battle-history">i'll buy it used <strong>Substitute</strong>!<br></div><div class="battle-history"><small>i'll buy it put in a substitute!</small><br></div><div class="battle-history"><small>(i'll buy it lost 25% of its health!)</small><br></div><div class="spacer battle-history"><br></div><div class="battle-history"><small>i'll buy it restored a little HP using its Leftovers!</small><br></div><div class="battle-history"><small>The opposing Snorlax restored a little HP using its Leftovers!</small><br></div><div class="spacer battle-history"><br></div><h2 class="battle-history">Turn 32</h2><div class="spacer battle-history"><br></div><div class="battle-history">i'll buy it used <strong>Baton Pass</strong>!<br></div><div class="spacer battle-history"><br></div><div class="battle-history">Go! ten letter giant (<strong>Tyranitar</strong>)!<br></div><div class="battle-history">[ten letter giant's Sand Stream]<br><small>A sandstorm kicked up!</small><br></div><div class="spacer battle-history"><br></div><div class="battle-history">The opposing Snorlax used <strong>Curse</strong>!<br></div><div class="battle-history"><small>The opposing Snorlax's Speed fell!</small><br></div><div class="battle-history"><small>The opposing Snorlax's Attack rose!</small><br></div><div class="battle-history"><small>The opposing Snorlax's Defense rose!</small><br></div><div class="spacer battle-history"><br></div><div class="battle-history"><small>(The sandstorm is raging.)</small><br></div><div class="battle-history"><small>The opposing Snorlax is buffeted by the sandstorm!</small><br></div><div class="battle-history"><small>The opposing Snorlax restored a little HP using its Leftovers!</small><br></div><div class="spacer battle-history"><br></div><h2 class="battle-history">Turn 33</h2><div class="spacer battle-history"><br></div><div class="battle-history">ten letter giant used <strong>Dragon Dance</strong>!<br></div><div class="battle-history"><small>ten letter giant's Attack rose!</small><br></div><div class="battle-history"><small>ten letter giant's Speed rose!</small><br></div><div class="spacer battle-history"><br></div><div class="battle-history">The opposing Snorlax used <strong>Return</strong>!<br></div><div class="battle-history"><small>It's not very effective...</small><br></div><div class="battle-history"><small>ten letter giant's substitute faded!</small><br></div><div class="spacer battle-history"><br></div><div class="battle-history"><small>(The sandstorm is raging.)</small><br></div><div class="battle-history"><small>The opposing Snorlax is buffeted by the sandstorm!</small><br></div><div class="battle-history"><small>The opposing Snorlax restored a little HP using its Leftovers!</small><br></div><div class="spacer battle-history"><br></div><h2 class="battle-history">Turn 34</h2><div class="spacer battle-history"><br></div><div class="battle-history">JimCool withdrew Snorlax!<br></div><div class="battle-history">JimCool sent out <strong>Suicune</strong>!<br></div><div class="battle-history"><small>The opposing Suicune was hurt by the spikes!</small><br></div><div class="spacer battle-history"><br></div><div class="battle-history">ten letter giant used <strong>Dragon Dance</strong>!<br></div><div class="battle-history"><small>ten letter giant's Attack rose!</small><br></div><div class="battle-history"><small>ten letter giant's Speed rose!</small><br></div><div class="spacer battle-history"><br></div><div class="battle-history"><small>(The sandstorm is raging.)</small><br></div><div class="battle-history"><small>The opposing Suicune is buffeted by the sandstorm!</small><br></div><div class="battle-history"><small>The opposing Suicune restored a little HP using its Leftovers!</small><br></div><div class="spacer battle-history"><br></div><h2 class="battle-history">Turn 35</h2><div class="spacer battle-history"><br></div><div class="battle-history">ten letter giant used <strong>Earthquake</strong>!<br></div><div class="battle-history"><small>(The opposing Suicune lost 60% of its health!)</small><br></div><div class="spacer battle-history"><br></div><div class="battle-history">The opposing Suicune used <strong>Surf</strong>!<br></div><div class="battle-history"><small>It's super effective!</small><br></div><div class="battle-history"><small>(ten letter giant lost 84% of its health!)</small><br></div><div class="spacer battle-history"><br></div><div class="battle-history"><small>(The sandstorm is raging.)</small><br></div><div class="battle-history"><small>The opposing Suicune is buffeted by the sandstorm!</small><br></div><div class="battle-history"><small>ten letter giant restored a little HP using its Leftovers!</small><br></div><div class="battle-history"><small>The opposing Suicune restored a little HP using its Leftovers!</small><br></div><div class="spacer battle-history"><br></div><h2 class="battle-history">Turn 36</h2><div class="spacer battle-history"><br></div><div class="battle-history">ten letter giant used <strong>Hidden Power</strong>!<br></div><div class="battle-history"><small>(The opposing Suicune lost 13% of its health!)</small><br></div><div class="spacer battle-history"><br></div><div class="battle-history">The opposing Suicune fainted!<br></div><div class="spacer battle-history"><br></div><div class="battle-history">JimCool sent out <strong>Sunflora</strong>!<br></div><div class="battle-history"><small>The opposing Sunflora was hurt by the spikes!</small><br></div><div class="battle-history">[The opposing Sunflora's Desolate Land]<br><small>The sunlight turned extremely harsh!</small><br></div><div class="spacer battle-history"><br></div><div class="battle-history"><small>ten letter giant restored a little HP using its Leftovers!</small><br></div><div class="battle-history"><small>The opposing Sunflora restored a little HP using its Leftovers!</small><br></div><div class="spacer battle-history"><br></div><h2 class="battle-history">Turn 37</h2><div class="spacer battle-history"><br></div><div class="battle-history">ten letter giant used <strong>Hidden Power</strong>!<br></div><div class="battle-history"><small>It's super effective!</small><br></div><div class="battle-history"><small>(The opposing Sunflora lost 94% of its health!)</small><br></div><div class="spacer battle-history"><br></div><div class="battle-history">The opposing Sunflora fainted!<br></div><div class="battle-history"><small>The extremely harsh sunlight faded.</small><br></div><div class="battle-history"><small>JimCool forfeited.</small><br></div><div class="spacer battle-history"><br></div><div class="battle-history"><strong>bynum</strong> won the battle!<br></div><div class="chat chatmessage-dkkoba"><strong style="color:#269c79"><small>+</small><span class="username" data-name="DkKoba">DkKoba</span>:</strong> <em>gg</em></div><div class="chat chatmessage-bynum"><strong style="color:#0aa6b1"><small>☆</small><span class="username" data-name="bynum">bynum</span>:</strong> <em>gg</em></div><div class="chat"><small>☆bynum and +G-Luke left</small></div><div class="chat chatmessage-jimcool"><strong style="color:#729c17"><small>☆</small><span class="username" data-name="JimCool">JimCool</span>:</strong> <em>gg</em></div><div class="chat"><small></small></div><div class="chat"><small>☆JimCool left</small></div></div><div class="inner-preempt message-log"></div></div></div>
</div>
<script>
let daily = Math.floor(Date.now()/1000/60/60/24);document.write('<script src="https://dragonheaven.herokuapp.com/js/replay-embed.js?version'+daily+'"></'+'script>');
</script>
