<!DOCTYPE html>
<meta charset="utf-8" />
<!-- version 1 -->
<title>[Gen 3] Hoenn Gaiden replay: LpZ IV vs. pokology2</title>
<style>
html,body {font-family:Verdana, sans-serif;font-size:10pt;margin:0;padding:0;}body{padding:12px 0;} .battle-log {font-family:Verdana, sans-serif;font-size:10pt;} .battle-log-inline {border:1px solid #AAAAAA;background:#EEF2F5;color:black;max-width:640px;margin:0 auto 80px;padding-bottom:5px;} .battle-log .inner {padding:4px 8px 0px 8px;} .battle-log .inner-preempt {padding:0 8px 4px 8px;} .battle-log .inner-after {margin-top:0.5em;} .battle-log h2 {margin:0.5em -8px;padding:4px 8px;border:1px solid #AAAAAA;background:#E0E7EA;border-left:0;border-right:0;font-family:Verdana, sans-serif;font-size:13pt;} .battle-log .chat {vertical-align:middle;padding:3px 0 3px 0;font-size:8pt;} .battle-log .chat strong {color:#40576A;} .battle-log .chat em {padding:1px 4px 1px 3px;color:#000000;font-style:normal;} .chat.mine {background:rgba(0,0,0,0.05);margin-left:-8px;margin-right:-8px;padding-left:8px;padding-right:8px;} .spoiler {color:#BBBBBB;background:#BBBBBB;padding:0px 3px;} .spoiler:hover, .spoiler:active, .spoiler-shown {color:#000000;background:#E2E2E2;padding:0px 3px;} .spoiler a {color:#BBBBBB;} .spoiler:hover a, .spoiler:active a, .spoiler-shown a {color:#2288CC;} .chat code, .chat .spoiler:hover code, .chat .spoiler:active code, .chat .spoiler-shown code {border:1px solid #C0C0C0;background:#EEEEEE;color:black;padding:0 2px;} .chat .spoiler code {border:1px solid #CCCCCC;background:#CCCCCC;color:#CCCCCC;} .battle-log .rated {padding:3px 4px;} .battle-log .rated strong {color:white;background:#89A;padding:1px 4px;border-radius:4px;} .spacer {margin-top:0.5em;} .message-announce {background:#6688AA;color:white;padding:1px 4px 2px;} .message-announce a, .broadcast-green a, .broadcast-blue a, .broadcast-red a {color:#DDEEFF;} .broadcast-green {background-color:#559955;color:white;padding:2px 4px;} .broadcast-blue {background-color:#6688AA;color:white;padding:2px 4px;} .infobox {border:1px solid #6688AA;padding:2px 4px;} .infobox-limited {max-height:200px;overflow:auto;overflow-x:hidden;} .broadcast-red {background-color:#AA5544;color:white;padding:2px 4px;} .message-learn-canlearn {font-weight:bold;color:#228822;text-decoration:underline;} .message-learn-cannotlearn {font-weight:bold;color:#CC2222;text-decoration:underline;} .message-effect-weak {font-weight:bold;color:#CC2222;} .message-effect-resist {font-weight:bold;color:#6688AA;} .message-effect-immune {font-weight:bold;color:#666666;} .message-learn-list {margin-top:0;margin-bottom:0;} .message-throttle-notice, .message-error {color:#992222;} .message-overflow, .chat small.message-overflow {font-size:0pt;} .message-overflow::before {font-size:9pt;content:'...';} .subtle {color:#3A4A66;}
</style>
<div class="wrapper replay-wrapper" style="max-width:1180px;margin:0 auto">
<input type="hidden" name="replayid" value="dragonheaven-gen3hoenngaiden-18" />
<div class="battle"></div><div class="battle-log"></div><div class="replay-controls"></div><div class="replay-controls-2"></div>
<h1 style="font-weight:normal;text-align:center"><strong>[Gen 3] Hoenn Gaiden</strong><br /><a href="http://pokemonshowdown.com/users/lpziv" class="subtle" target="_blank">LpZ IV</a> vs. <a href="http://pokemonshowdown.com/users/pokology2" class="subtle" target="_blank">pokology2</a></h1>
<script type="text/plain" class="battle-log-data">|j|☆LpZ IV
|j|☆pokology2
|t:|1685900964
|player|p1|LpZ IV|169|
|player|p2|pokology2|102|
|teamsize|p1|6
|teamsize|p2|6
|gametype|singles
|gen|3
|tier|[Gen 3] Hoenn Gaiden
|rule|Sleep Clause Mod: Limit one foe put to sleep
|rule|Switch Priority Clause Mod: Faster Pokémon switch first
|rule|Species Clause: Limit one of each Pokémon
|rule|OHKO Clause: OHKO moves are banned
|rule|Moody Clause: Moody is banned
|rule|Evasion Moves Clause: Evasion moves are banned
|rule|Endless Battle Clause: Forcing endless battles is banned
|rule|HP Percentage Mod: HP is shown in percentages
|raw|<img src="https:\/\/cdn.discordapp.com\/attachments\/510822010922860545\/864665757446045716\/Hoenn_Gaiden_Banner.png" height="213" width="381">
|-message|Welcome to Hoenn Gaiden!
|-message|This is a [Gen 3] OU-based format where we add later generation Pokemon, items, moves, and abilities, as well as change up existing ones!
|-message|You can find our thread and metagame resources here:
|-message|https:\/\/www.smogon.com\/forums\/threads\/hoenn-gaiden-pet-mod-of-the-season-slate-8-concept-voting.3681339\/
|rule|Baton Pass Mod: Positive stat boosts are reset upon using Baton Pass
|rule|Illegal Baton Pass Clause: Do not allow Baton Pass with the combination of Mean Look\/Spider Web\/Block\/Ingrain
|rule|Freeze Clause Mod: Limit one foe frozen
|
|t:|1685900964
|start
|switch|p1a: Metagross|Metagross|100\/100
|switch|p2a: Abomasnow|Abomasnow, M|100\/100
|-start|p1a: Metagross|typechange|Steel\/Psychic|[silent]
|raw|<ul class="utilichart"><li class="result"><span class="col pokemonnamecol" style="white-space: nowrap">Metagross<\/span> <span class="col typecol"><img src="https:\/\/play.pokemonshowdown.com\/sprites\/types\/Steel.png" alt="Steel" height="14" width="32"><img src="https:\/\/play.pokemonshowdown.com\/sprites\/types\/Psychic.png" alt="Psychic" height="14" width="32"><\/span> <span style="float: left ; min-height: 26px"><span class="col abilitycol">Clear Body<\/span><span class="col abilitycol"><\/span><\/span><\/li><li style="clear: both"><\/li><\/ul>
|raw|<ul class="utilichart"><li class="result"><span style="float: left ; min-height: 26px"><span class="col statcol"><em>HP<\/em><br>80<\/span> <span class="col statcol"><em>Atk<\/em><br>135<\/span> <span class="col statcol"><em>Def<\/em><br>130<\/span> <span class="col statcol"><em>SpA<\/em><br>95<\/span> <span class="col statcol"><em>SpD<\/em><br>90<\/span> <span class="col statcol"><em>Spe<\/em><br>70<\/span> <\/span><\/li><li style="clear: both"><\/li><\/ul>
|-start|p2a: Abomasnow|typechange|Grass\/Ice|[silent]
|raw|<ul class="utilichart"><li class="result"><span class="col pokemonnamecol" style="white-space: nowrap">Abomasnow<\/span> <span class="col typecol"><img src="https:\/\/play.pokemonshowdown.com\/sprites\/types\/Grass.png" alt="Grass" height="14" width="32"><img src="https:\/\/play.pokemonshowdown.com\/sprites\/types\/Ice.png" alt="Ice" height="14" width="32"><\/span> <span style="float: left ; min-height: 26px"><span class="col abilitycol">Snow Warning<\/span><span class="col abilitycol"><\/span><\/span><\/li><li style="clear: both"><\/li><\/ul>
|raw|<ul class="utilichart"><li class="result"><span style="float: left ; min-height: 26px"><span class="col statcol"><em>HP<\/em><br>90<\/span> <span class="col statcol"><em>Atk<\/em><br>92<\/span> <span class="col statcol"><em>Def<\/em><br>75<\/span> <span class="col statcol"><em>SpA<\/em><br>92<\/span> <span class="col statcol"><em>SpD<\/em><br>85<\/span> <span class="col statcol"><em>Spe<\/em><br>60<\/span> <\/span><\/li><li style="clear: both"><\/li><\/ul>
|-weather|Hail|[from] ability: Snow Warning|[of] p2a: Abomasnow
|turn|1
|c|☆LpZ IV|hf
|c|☆pokology2|gl hf
|
|t:|1685901010
|switch|p2a: Cloyster|Cloyster, F|100\/100
|-start|p2a: Cloyster|typechange|Water|[silent]
|raw|<ul class="utilichart"><li class="result"><span class="col pokemonnamecol" style="white-space: nowrap">Cloyster<\/span> <span class="col typecol"><img src="https:\/\/play.pokemonshowdown.com\/sprites\/types\/Water.png" alt="Water" height="14" width="32"><\/span> <span style="float: left ; min-height: 26px"><span class="col abilitycol">Overcoat \/ Shell Armor<\/span><span class="col abilitycol"><\/span><\/span><\/li><li style="clear: both"><\/li><\/ul>
|raw|<ul class="utilichart"><li class="result"><span style="float: left ; min-height: 26px"><span class="col statcol"><em>HP<\/em><br>50<\/span> <span class="col statcol"><em>Atk<\/em><br>95<\/span> <span class="col statcol"><em>Def<\/em><br>180<\/span> <span class="col statcol"><em>SpA<\/em><br>85<\/span> <span class="col statcol"><em>SpD<\/em><br>45<\/span> <span class="col statcol"><em>Spe<\/em><br>70<\/span> <\/span><\/li><li style="clear: both"><\/li><\/ul>
|move|p1a: Metagross|Meteor Mash|p2a: Cloyster
|-resisted|p2a: Cloyster
|-damage|p2a: Cloyster|83\/100
|
|-weather|Hail|[upkeep]
|-damage|p1a: Metagross|94\/100|[from] Hail
|-heal|p1a: Metagross|100\/100|[from] item: Leftovers
|-heal|p2a: Cloyster|89\/100|[from] item: Leftovers
|upkeep
|turn|2
|j|+zxgzxg

|j|+CaoJie
|
|t:|1685901030
|switch|p1a: Silvally|Silvally-Grass|100\/100
|move|p2a: Cloyster|Spikes|p1a: Silvally
|-sidestart|p1: LpZ IV|Spikes
|
|-weather|Hail|[upkeep]
|-damage|p1a: Silvally|94\/100|[from] Hail
|-heal|p2a: Cloyster|95\/100|[from] item: Leftovers
|upkeep
|turn|3
|c|☆LpZ IV|mind if u turn on timer?
|c|☆LpZ IV|if i turn on*
|c|☆pokology2|no
|inactive|Battle timer is ON: inactive players will automatically lose when time's up. (requested by LpZ IV)
|inactive|pokology2 also wants the timer to be on.
|
|t:|1685901066
|switch|p2a: Plusle|Plusle, F|100\/100
|-start|p2a: Plusle|typechange|Electric\/Fire|[silent]
|raw|<ul class="utilichart"><li class="result"><span class="col pokemonnamecol" style="white-space: nowrap">Plusle<\/span> <span class="col typecol"><img src="https:\/\/play.pokemonshowdown.com\/sprites\/types\/Electric.png" alt="Electric" height="14" width="32"><img src="https:\/\/play.pokemonshowdown.com\/sprites\/types\/Fire.png" alt="Fire" height="14" width="32"><\/span> <span style="float: left ; min-height: 26px"><span class="col abilitycol">Galvanize \/ Flash Fire<\/span><span class="col abilitycol"><\/span><\/span><\/li><li style="clear: both"><\/li><\/ul>
|raw|<ul class="utilichart"><li class="result"><span style="float: left ; min-height: 26px"><span class="col statcol"><em>HP<\/em><br>80<\/span> <span class="col statcol"><em>Atk<\/em><br>60<\/span> <span class="col statcol"><em>Def<\/em><br>60<\/span> <span class="col statcol"><em>SpA<\/em><br>95<\/span> <span class="col statcol"><em>SpD<\/em><br>85<\/span> <span class="col statcol"><em>Spe<\/em><br>105<\/span> <\/span><\/li><li style="clear: both"><\/li><\/ul>
|move|p1a: Silvally|Flamethrower|p2a: Plusle
|-start|p2a: Plusle|ability: Flash Fire
|
|-weather|Hail|[upkeep]
|-damage|p2a: Plusle|95\/100|[from] Hail
|-damage|p1a: Silvally|88\/100|[from] Hail
|-heal|p2a: Plusle|100\/100|[from] item: Leftovers
|upkeep
|turn|4
|c|+zxgzxg|I mind.
|
|t:|1685901080
|switch|p1a: Tyranitar|Tyranitar, M|100\/100
|-start|p1a: Tyranitar|typechange|Rock\/Dark|[silent]
|raw|<ul class="utilichart"><li class="result"><span class="col pokemonnamecol" style="white-space: nowrap">Tyranitar<\/span> <span class="col typecol"><img src="https:\/\/play.pokemonshowdown.com\/sprites\/types\/Rock.png" alt="Rock" height="14" width="32"><img src="https:\/\/play.pokemonshowdown.com\/sprites\/types\/Dark.png" alt="Dark" height="14" width="32"><\/span> <span style="float: left ; min-height: 26px"><span class="col abilitycol">Sand Stream<\/span><span class="col abilitycol"><\/span><\/span><\/li><li style="clear: both"><\/li><\/ul>
|raw|<ul class="utilichart"><li class="result"><span style="float: left ; min-height: 26px"><span class="col statcol"><em>HP<\/em><br>100<\/span> <span class="col statcol"><em>Atk<\/em><br>134<\/span> <span class="col statcol"><em>Def<\/em><br>110<\/span> <span class="col statcol"><em>SpA<\/em><br>95<\/span> <span class="col statcol"><em>SpD<\/em><br>100<\/span> <span class="col statcol"><em>Spe<\/em><br>61<\/span> <\/span><\/li><li style="clear: both"><\/li><\/ul>
|-damage|p1a: Tyranitar|88\/100|[from] Spikes
|-weather|Sandstorm|[from] ability: Sand Stream|[of] p1a: Tyranitar
|move|p2a: Plusle|Fire Blast|p1a: Tyranitar
|-resisted|p1a: Tyranitar
|-damage|p1a: Tyranitar|53\/100
|
|-weather|Sandstorm|[upkeep]
|-damage|p2a: Plusle|95\/100|[from] Sandstorm
|-heal|p2a: Plusle|100\/100|[from] item: Leftovers
|upkeep
|turn|5
|
|t:|1685901108
|-end|p2a: Plusle|ability: Flash Fire|[silent]
|switch|p2a: Cloyster|Cloyster, F|95\/100
|-start|p2a: Cloyster|typechange|Water|[silent]
|move|p1a: Tyranitar|Rock Slide|p2a: Cloyster
|-damage|p2a: Cloyster|68\/100
|
|-weather|Sandstorm|[upkeep]
|-heal|p2a: Cloyster|74\/100|[from] item: Leftovers
|upkeep
|turn|6
|inactive|pokology2 has 270 seconds left.
|
|t:|1685901125
|switch|p1a: Silvally|Silvally-Grass|88\/100
|-damage|p1a: Silvally|76\/100|[from] Spikes
|move|p2a: Cloyster|Spikes|p1a: Silvally
|-sidestart|p1: LpZ IV|Spikes
|
|-weather|Sandstorm|[upkeep]
|-damage|p1a: Silvally|70\/100|[from] Sandstorm
|-heal|p2a: Cloyster|80\/100|[from] item: Leftovers
|upkeep
|turn|7
|inactive|pokology2 has 270 seconds left.
|
|t:|1685901139
|switch|p2a: Skuntank|Skuntank, F|100\/100
|-start|p2a: Skuntank|typechange|Poison\/Dark|[silent]
|raw|<ul class="utilichart"><li class="result"><span class="col pokemonnamecol" style="white-space: nowrap">Skuntank<\/span> <span class="col typecol"><img src="https:\/\/play.pokemonshowdown.com\/sprites\/types\/Poison.png" alt="Poison" height="14" width="32"><img src="https:\/\/play.pokemonshowdown.com\/sprites\/types\/Dark.png" alt="Dark" height="14" width="32"><\/span> <span style="float: left ; min-height: 26px"><span class="col abilitycol">Overcoat \/ Intimidate<\/span><span class="col abilitycol"><\/span><\/span><\/li><li style="clear: both"><\/li><\/ul>
|raw|<ul class="utilichart"><li class="result"><span style="float: left ; min-height: 26px"><span class="col statcol"><em>HP<\/em><br>111<\/span> <span class="col statcol"><em>Atk<\/em><br>77<\/span> <span class="col statcol"><em>Def<\/em><br>79<\/span> <span class="col statcol"><em>SpA<\/em><br>77<\/span> <span class="col statcol"><em>SpD<\/em><br>79<\/span> <span class="col statcol"><em>Spe<\/em><br>91<\/span> <\/span><\/li><li style="clear: both"><\/li><\/ul>
|move|p1a: Silvally|Multi-Attack|p2a: Skuntank
|-resisted|p2a: Skuntank
|-damage|p2a: Skuntank|81\/100
|
|-weather|Sandstorm|[upkeep]
|-damage|p1a: Silvally|64\/100|[from] Sandstorm
|-heal|p2a: Skuntank|88\/100|[from] item: Leftovers
|upkeep
|turn|8
|inactive|pokology2 has 270 seconds left.
|
|t:|1685901159
|move|p1a: Silvally|Explosion|p2a: Skuntank
|-damage|p2a: Skuntank|0 fnt
|faint|p1a: Silvally
|faint|p2a: Skuntank
|j|+anaconja
|c|+anaconja|ONE PERCENT?
|inactive|pokology2 has 270 seconds left.
|
|t:|1685901181
|switch|p1a: Magneton|Magneton|100\/100
|switch|p2a: Abomasnow|Abomasnow, M|100\/100
|-start|p1a: Magneton|typechange|Electric\/Steel|[silent]
|raw|<ul class="utilichart"><li class="result"><span class="col pokemonnamecol" style="white-space: nowrap">Magneton<\/span> <span class="col typecol"><img src="https:\/\/play.pokemonshowdown.com\/sprites\/types\/Electric.png" alt="Electric" height="14" width="32"><img src="https:\/\/play.pokemonshowdown.com\/sprites\/types\/Steel.png" alt="Steel" height="14" width="32"><\/span> <span style="float: left ; min-height: 26px"><span class="col abilitycol">Magnet Pull \/ Sturdy<\/span><span class="col abilitycol"><\/span><\/span><\/li><li style="clear: both"><\/li><\/ul>
|raw|<ul class="utilichart"><li class="result"><span style="float: left ; min-height: 26px"><span class="col statcol"><em>HP<\/em><br>50<\/span> <span class="col statcol"><em>Atk<\/em><br>60<\/span> <span class="col statcol"><em>Def<\/em><br>95<\/span> <span class="col statcol"><em>SpA<\/em><br>120<\/span> <span class="col statcol"><em>SpD<\/em><br>70<\/span> <span class="col statcol"><em>Spe<\/em><br>70<\/span> <\/span><\/li><li style="clear: both"><\/li><\/ul>
|-damage|p1a: Magneton|84\/100|[from] Spikes
|-start|p2a: Abomasnow|typechange|Grass\/Ice|[silent]
|-weather|Hail|[from] ability: Snow Warning|[of] p2a: Abomasnow
|
|-weather|Hail|[upkeep]
|-damage|p1a: Magneton|78\/100|[from] Hail
|upkeep
|turn|9
|
|t:|1685901191
|move|p2a: Abomasnow|Protect|p2a: Abomasnow
|-singleturn|p2a: Abomasnow|Protect
|move|p1a: Magneton|Toxic|p2a: Abomasnow|[miss]
|-miss|p1a: Magneton|p2a: Abomasnow
|
|-weather|Hail|[upkeep]
|-damage|p1a: Magneton|71\/100|[from] Hail
|upkeep
|turn|10
|
|t:|1685901210
|switch|p2a: Yanmega|Yanmega, M|100\/100
|-start|p2a: Yanmega|typechange|Bug\/Dragon|[silent]
|raw|<ul class="utilichart"><li class="result"><span class="col pokemonnamecol" style="white-space: nowrap">Yanmega<\/span> <span class="col typecol"><img src="https:\/\/play.pokemonshowdown.com\/sprites\/types\/Bug.png" alt="Bug" height="14" width="32"><img src="https:\/\/play.pokemonshowdown.com\/sprites\/types\/Dragon.png" alt="Dragon" height="14" width="32"><\/span> <span style="float: left ; min-height: 26px"><span class="col abilitycol">Speed Boost \/ Keen Eye<\/span><span class="col abilitycol"><\/span><\/span><\/li><li style="clear: both"><\/li><\/ul>
|raw|<ul class="utilichart"><li class="result"><span style="float: left ; min-height: 26px"><span class="col statcol"><em>HP<\/em><br>86<\/span> <span class="col statcol"><em>Atk<\/em><br>76<\/span> <span class="col statcol"><em>Def<\/em><br>86<\/span> <span class="col statcol"><em>SpA<\/em><br>126<\/span> <span class="col statcol"><em>SpD<\/em><br>56<\/span> <span class="col statcol"><em>Spe<\/em><br>95<\/span> <\/span><\/li><li style="clear: both"><\/li><\/ul>
|move|p1a: Magneton|Toxic|p2a: Yanmega
|-status|p2a: Yanmega|tox
|
|-weather|Hail|[upkeep]
|-damage|p2a: Yanmega|94\/100 tox|[from] Hail
|-damage|p1a: Magneton|65\/100|[from] Hail
|-heal|p2a: Yanmega|100\/100 tox|[from] item: Leftovers
|-damage|p2a: Yanmega|94\/100 tox|[from] psn
|upkeep
|turn|11
|
|t:|1685901217
|move|p1a: Magneton|Protect|p1a: Magneton
|-singleturn|p1a: Magneton|Protect
|move|p2a: Yanmega|Hidden Power|p1a: Magneton
|-activate|p1a: Magneton|Protect
|
|-weather|Hail|[upkeep]
|-damage|p2a: Yanmega|88\/100 tox|[from] Hail
|-damage|p1a: Magneton|59\/100|[from] Hail
|-heal|p2a: Yanmega|94\/100 tox|[from] item: Leftovers
|-damage|p2a: Yanmega|82\/100 tox|[from] psn
|-ability|p2a: Yanmega|Speed Boost|boost
|-boost|p2a: Yanmega|spe|1
|upkeep
|turn|12
|
|t:|1685901236
|switch|p1a: Snorlax|Snorlax, F|100\/100
|-start|p1a: Snorlax|typechange|Normal|[silent]
|raw|<ul class="utilichart"><li class="result"><span class="col pokemonnamecol" style="white-space: nowrap">Snorlax<\/span> <span class="col typecol"><img src="https:\/\/play.pokemonshowdown.com\/sprites\/types\/Normal.png" alt="Normal" height="14" width="32"><\/span> <span style="float: left ; min-height: 26px"><span class="col abilitycol">Immunity \/ Thick Fat<\/span><span class="col abilitycol"><\/span><\/span><\/li><li style="clear: both"><\/li><\/ul>
|raw|<ul class="utilichart"><li class="result"><span style="float: left ; min-height: 26px"><span class="col statcol"><em>HP<\/em><br>160<\/span> <span class="col statcol"><em>Atk<\/em><br>110<\/span> <span class="col statcol"><em>Def<\/em><br>65<\/span> <span class="col statcol"><em>SpA<\/em><br>65<\/span> <span class="col statcol"><em>SpD<\/em><br>110<\/span> <span class="col statcol"><em>Spe<\/em><br>30<\/span> <\/span><\/li><li style="clear: both"><\/li><\/ul>
|-damage|p1a: Snorlax|84\/100|[from] Spikes
|move|p2a: Yanmega|Dragon Claw|p1a: Snorlax
|-damage|p1a: Snorlax|57\/100
|
|-weather|Hail|[upkeep]
|-damage|p2a: Yanmega|75\/100 tox|[from] Hail
|-damage|p1a: Snorlax|51\/100|[from] Hail
|-heal|p2a: Yanmega|82\/100 tox|[from] item: Leftovers
|-heal|p1a: Snorlax|57\/100|[from] item: Leftovers
|-damage|p2a: Yanmega|63\/100 tox|[from] psn
|-ability|p2a: Yanmega|Speed Boost|boost
|-boost|p2a: Yanmega|spe|1
|upkeep
|turn|13
|inactive|pokology2 has 270 seconds left.
|
|t:|1685901246
|switch|p2a: Crabominable|Crabominable, M|100\/100
|-start|p2a: Crabominable|typechange|Fighting\/Ice|[silent]
|raw|<ul class="utilichart"><li class="result"><span class="col pokemonnamecol" style="white-space: nowrap">Crabominable<\/span> <span class="col typecol"><img src="https:\/\/play.pokemonshowdown.com\/sprites\/types\/Fighting.png" alt="Fighting" height="14" width="32"><img src="https:\/\/play.pokemonshowdown.com\/sprites\/types\/Ice.png" alt="Ice" height="14" width="32"><\/span> <span style="float: left ; min-height: 26px"><span class="col abilitycol">Fur Coat \/ Overcoat<\/span><span class="col abilitycol"><\/span><\/span><\/li><li style="clear: both"><\/li><\/ul>
|raw|<ul class="utilichart"><li class="result"><span style="float: left ; min-height: 26px"><span class="col statcol"><em>HP<\/em><br>100<\/span> <span class="col statcol"><em>Atk<\/em><br>132<\/span> <span class="col statcol"><em>Def<\/em><br>87<\/span> <span class="col statcol"><em>SpA<\/em><br>62<\/span> <span class="col statcol"><em>SpD<\/em><br>85<\/span> <span class="col statcol"><em>Spe<\/em><br>43<\/span> <\/span><\/li><li style="clear: both"><\/li><\/ul>
|move|p1a: Snorlax|Lovely Kiss|p2a: Crabominable
|-status|p2a: Crabominable|slp|[from] move: Lovely Kiss
|
|-weather|Hail|[upkeep]
|-damage|p1a: Snorlax|51\/100|[from] Hail
|-heal|p1a: Snorlax|57\/100|[from] item: Leftovers
|upkeep
|turn|14
|inactive|pokology2 has 270 seconds left.
|
|t:|1685901259
|switch|p1a: Metagross|Metagross|100\/100
|-start|p1a: Metagross|typechange|Steel\/Psychic|[silent]
|-damage|p1a: Metagross|84\/100|[from] Spikes
|cant|p2a: Crabominable|slp
|
|-weather|Hail|[upkeep]
|-damage|p1a: Metagross|78\/100|[from] Hail
|-heal|p1a: Metagross|84\/100|[from] item: Leftovers
|upkeep
|turn|15
|j|+UDM31
|inactive|pokology2 has 270 seconds left.
|
|t:|1685901270
|switch|p2a: Cloyster|Cloyster, F|80\/100
|-start|p2a: Cloyster|typechange|Water|[silent]
|move|p1a: Metagross|Explosion|p2a: Cloyster
|-damage|p2a: Cloyster|0 fnt
|faint|p1a: Metagross
|faint|p2a: Cloyster
|inactive|pokology2 has 270 seconds left.
|
|t:|1685901305
|switch|p1a: Magneton|Magneton|59\/100
|switch|p2a: Plusle|Plusle, F|100\/100
|-start|p2a: Plusle|typechange|Electric\/Fire|[silent]
|-damage|p1a: Magneton|42\/100|[from] Spikes
|-start|p1a: Magneton|typechange|Electric\/Steel|[silent]
|
|-weather|Hail|[upkeep]
|-damage|p2a: Plusle|95\/100|[from] Hail
|-damage|p1a: Magneton|36\/100|[from] Hail
|-heal|p2a: Plusle|100\/100|[from] item: Leftovers
|upkeep
|turn|16
|inactive|pokology2 has 240 seconds left.
|c|+anaconja|oh
|c|+anaconja|i went on my phone and saw multiattack actually did 19
|c|+anaconja|why did it show up as 1% on my computer
|inactive|pokology2 has 210 seconds left.
|inactive|pokology2 has 180 seconds left.
|
|t:|1685901389
|move|p2a: Plusle|Fire Blast|p1a: Magneton|[miss]
|-miss|p2a: Plusle|p1a: Magneton
|move|p1a: Magneton|Toxic|p2a: Plusle|[miss]
|-miss|p1a: Magneton|p2a: Plusle
|
|-weather|Hail|[upkeep]
|-damage|p2a: Plusle|95\/100|[from] Hail
|-damage|p1a: Magneton|30\/100|[from] Hail
|-heal|p2a: Plusle|100\/100|[from] item: Leftovers
|upkeep
|turn|17
|
|t:|1685901396
|move|p2a: Plusle|Thunderbolt|p1a: Magneton
|-resisted|p1a: Magneton
|-damage|p1a: Magneton|0 fnt
|faint|p1a: Magneton
|
|t:|1685901404
|switch|p1a: Snorlax|Snorlax, F|57\/100
|-start|p1a: Snorlax|typechange|Normal|[silent]
|-damage|p1a: Snorlax|40\/100|[from] Spikes
|
|-weather|Hail|[upkeep]
|-damage|p2a: Plusle|95\/100|[from] Hail
|-damage|p1a: Snorlax|34\/100|[from] Hail
|-heal|p2a: Plusle|100\/100|[from] item: Leftovers
|-heal|p1a: Snorlax|40\/100|[from] item: Leftovers
|upkeep
|turn|18
|
|t:|1685901414
|switch|p2a: Crabominable|Crabominable, M|100\/100 slp
|-start|p2a: Crabominable|typechange|Fighting\/Ice|[silent]
|move|p1a: Snorlax|Earthquake|p2a: Crabominable
|-crit|p2a: Crabominable
|-damage|p2a: Crabominable|77\/100 slp
|
|-weather|Hail|[upkeep]
|-damage|p1a: Snorlax|34\/100|[from] Hail
|-heal|p2a: Crabominable|83\/100 slp|[from] item: Leftovers
|-heal|p1a: Snorlax|40\/100|[from] item: Leftovers
|upkeep
|turn|19
|
|t:|1685901422
|-curestatus|p2a: Crabominable|slp|[msg]
|move|p2a: Crabominable|Protect|p2a: Crabominable
|-singleturn|p2a: Crabominable|Protect
|move|p1a: Snorlax|Self-Destruct|p2a: Crabominable
|-activate|p2a: Crabominable|Protect
|faint|p1a: Snorlax
|
|t:|1685901429
|switch|p1a: Tyranitar|Tyranitar, M|53\/100
|-start|p1a: Tyranitar|typechange|Rock\/Dark|[silent]
|-damage|p1a: Tyranitar|37\/100|[from] Spikes
|-weather|Sandstorm|[from] ability: Sand Stream|[of] p1a: Tyranitar
|
|-weather|Sandstorm|[upkeep]
|-damage|p2a: Crabominable|77\/100|[from] Sandstorm
|-heal|p2a: Crabominable|83\/100|[from] item: Leftovers
|upkeep
|turn|20
|inactive|pokology2 has 210 seconds left.
|
|t:|1685901439
|move|p1a: Tyranitar|Rock Slide|p2a: Crabominable
|-damage|p2a: Crabominable|66\/100
|cant|p2a: Crabominable|flinch
|
|-weather|Sandstorm|[upkeep]
|-damage|p2a: Crabominable|60\/100|[from] Sandstorm
|-heal|p2a: Crabominable|66\/100|[from] item: Leftovers
|upkeep
|turn|21
|
|t:|1685901445
|move|p1a: Tyranitar|Rock Slide|p2a: Crabominable
|-damage|p2a: Crabominable|50\/100
|move|p2a: Crabominable|Circle Throw|p1a: Tyranitar|[miss]
|-miss|p2a: Crabominable|p1a: Tyranitar
|
|-weather|Sandstorm|[upkeep]
|-damage|p2a: Crabominable|43\/100|[from] Sandstorm
|-heal|p2a: Crabominable|50\/100|[from] item: Leftovers
|upkeep
|turn|22
|
|t:|1685901452
|move|p1a: Tyranitar|Rock Slide|p2a: Crabominable
|-damage|p2a: Crabominable|34\/100
|move|p2a: Crabominable|Circle Throw|p1a: Tyranitar
|-supereffective|p1a: Tyranitar
|-damage|p1a: Tyranitar|0 fnt
|faint|p1a: Tyranitar
|
|t:|1685901455
|switch|p1a: Salamence|Salamence, F|100\/100
|-start|p1a: Salamence|typechange|Dragon\/Flying|[silent]
|raw|<ul class="utilichart"><li class="result"><span class="col pokemonnamecol" style="white-space: nowrap">Salamence<\/span> <span class="col typecol"><img src="https:\/\/play.pokemonshowdown.com\/sprites\/types\/Dragon.png" alt="Dragon" height="14" width="32"><img src="https:\/\/play.pokemonshowdown.com\/sprites\/types\/Flying.png" alt="Flying" height="14" width="32"><\/span> <span style="float: left ; min-height: 26px"><span class="col abilitycol">Intimidate<\/span><span class="col abilitycol"><\/span><\/span><\/li><li style="clear: both"><\/li><\/ul>
|raw|<ul class="utilichart"><li class="result"><span style="float: left ; min-height: 26px"><span class="col statcol"><em>HP<\/em><br>95<\/span> <span class="col statcol"><em>Atk<\/em><br>135<\/span> <span class="col statcol"><em>Def<\/em><br>80<\/span> <span class="col statcol"><em>SpA<\/em><br>110<\/span> <span class="col statcol"><em>SpD<\/em><br>80<\/span> <span class="col statcol"><em>Spe<\/em><br>100<\/span> <\/span><\/li><li style="clear: both"><\/li><\/ul>
|-ability|p1a: Salamence|Intimidate|boost
|-unboost|p2a: Crabominable|atk|1
|
|-weather|Sandstorm|[upkeep]
|-damage|p1a: Salamence|94\/100|[from] Sandstorm
|-damage|p2a: Crabominable|28\/100|[from] Sandstorm
|-heal|p1a: Salamence|100\/100|[from] item: Leftovers
|-heal|p2a: Crabominable|34\/100|[from] item: Leftovers
|upkeep
|turn|23
|
|t:|1685901459
|move|p1a: Salamence|Dragon Dance|p1a: Salamence
|-boost|p1a: Salamence|atk|1
|-boost|p1a: Salamence|spe|1
|move|p2a: Crabominable|Ice Beam|p1a: Salamence
|-supereffective|p1a: Salamence
|-damage|p1a: Salamence|13\/100
|
|-weather|Sandstorm|[upkeep]
|-damage|p1a: Salamence|7\/100|[from] Sandstorm
|-damage|p2a: Crabominable|28\/100|[from] Sandstorm
|-heal|p1a: Salamence|13\/100|[from] item: Leftovers
|-heal|p2a: Crabominable|34\/100|[from] item: Leftovers
|upkeep
|turn|24
|inactive|pokology2 has 240 seconds left.
|
|t:|1685901473
|move|p1a: Salamence|Hidden Power|p2a: Crabominable
|-supereffective|p2a: Crabominable
|-damage|p2a: Crabominable|0 fnt
|faint|p2a: Crabominable
|
|t:|1685901478
|switch|p2a: Yanmega|Yanmega, M|63\/100 tox
|-start|p2a: Yanmega|typechange|Bug\/Dragon|[silent]
|
|-weather|Sandstorm|[upkeep]
|-damage|p1a: Salamence|7\/100|[from] Sandstorm
|-damage|p2a: Yanmega|57\/100 tox|[from] Sandstorm
|-heal|p1a: Salamence|13\/100|[from] item: Leftovers
|-heal|p2a: Yanmega|63\/100 tox|[from] item: Leftovers
|-damage|p2a: Yanmega|57\/100 tox|[from] psn
|upkeep
|turn|25
|inactive|pokology2 has 240 seconds left.
|
|t:|1685901486
|move|p2a: Yanmega|Protect|p2a: Yanmega
|-singleturn|p2a: Yanmega|Protect
|move|p1a: Salamence|Dragon Dance|p1a: Salamence
|-boost|p1a: Salamence|atk|1
|-boost|p1a: Salamence|spe|1
|
|-weather|Sandstorm|[upkeep]
|-damage|p1a: Salamence|7\/100|[from] Sandstorm
|-damage|p2a: Yanmega|50\/100 tox|[from] Sandstorm
|-heal|p1a: Salamence|13\/100|[from] item: Leftovers
|-heal|p2a: Yanmega|57\/100 tox|[from] item: Leftovers
|-damage|p2a: Yanmega|44\/100 tox|[from] psn
|-ability|p2a: Yanmega|Speed Boost|boost
|-boost|p2a: Yanmega|spe|1
|upkeep
|turn|26
|inactive|pokology2 has 240 seconds left.
|
|t:|1685901504
|move|p1a: Salamence|Hidden Power|p2a: Yanmega
|-supereffective|p2a: Yanmega
|-damage|p2a: Yanmega|0 fnt
|faint|p2a: Yanmega
|
|t:|1685901508
|switch|p2a: Abomasnow|Abomasnow, M|100\/100
|-start|p2a: Abomasnow|typechange|Grass\/Ice|[silent]
|-weather|Hail|[from] ability: Snow Warning|[of] p2a: Abomasnow
|
|-weather|Hail|[upkeep]
|-damage|p1a: Salamence|7\/100|[from] Hail
|-heal|p1a: Salamence|13\/100|[from] item: Leftovers
|upkeep
|turn|27
|
|t:|1685901516
|move|p2a: Abomasnow|Ice Shard|p1a: Salamence
|-supereffective|p1a: Salamence
|-damage|p1a: Salamence|0 fnt
|faint|p1a: Salamence
|
|win|pokology2
|c|☆LpZ IV|ah
|c|☆LpZ IV|gg
|c|☆pokology2|gg
|l|+anaconja
|l|+CaoJie
|c|+zxgzxg|scared me for a min lmao
|j|+Sticky Fingaa</script>
</div>
<div class="battle-log battle-log-inline"><div class="inner"><div class="battle-options"><div style="padding-top: 3px; padding-right: 3px; text-align: right"><button class="icon button" name="openBattleOptions" title="Options">Battle Options</button></div></div><div class="inner message-log"><div class="chat"><small>☆LpZ IV and ☆pokology2 joined</small></div><div class=""><small>Format:</small> <br><strong>[Gen 3] Hoenn Gaiden</strong></div><div class=""><small><em>Sleep Clause Mod:</em> Limit one foe put to sleep</small></div><div class=""><small><em>Switch Priority Clause Mod:</em> Faster Pokémon switch first</small></div><div class=""><small><em>Species Clause:</em> Limit one of each Pokémon</small></div><div class=""><small><em>OHKO Clause:</em> OHKO moves are banned</small></div><div class=""><small><em>Moody Clause:</em> Moody is banned</small></div><div class=""><small><em>Evasion Moves Clause:</em> Evasion moves are banned</small></div><div class=""><small><em>Endless Battle Clause:</em> Forcing endless battles is banned</small></div><div class=""><small><em>HP Percentage Mod:</em> HP is shown in percentages</small></div><div class="chat"><img src="https://cdn.discordapp.com/attachments/510822010922860545/864665757446045716/Hoenn_Gaiden_Banner.png" height="213" width="381"></div><div class="spacer battle-history"><br></div><div class="battle-history"><small>Welcome to Hoenn Gaiden!</small><br></div><div class="battle-history"><small>This is a [Gen 3] OU-based format where we add later generation Pokemon, items, moves, and abilities, as well as change up existing ones!</small><br></div><div class="battle-history"><small>You can find our thread and metagame resources here:</small><br></div><div class="battle-history"><small>https://www.smogon.com/forums/threads/hoenn-gaiden-pet-mod-of-the-season-slate-8-concept-voting.3681339/</small><br></div><div class=""><small><em>Baton Pass Mod:</em> Positive stat boosts are reset upon using Baton Pass</small></div><div class=""><small><em>Illegal Baton Pass Clause:</em> Do not allow Baton Pass with the combination of Mean Look/Spider Web/Block/Ingrain</small></div><div class=""><small><em>Freeze Clause Mod:</em> Limit one foe frozen</small></div><div class="spacer battle-history"><br></div><div class="battle-history">Battle started between LpZ IV and pokology2!<br></div><div class="spacer battle-history"><br></div><div class="battle-history">Go! <strong>Metagross</strong>!<br></div><div class="spacer battle-history"><br></div><div class="battle-history">pokology2 sent out <strong>Abomasnow</strong>!<br></div><div class="chat"><ul class="utilichart"><li class="result"><span class="col pokemonnamecol" style="white-space: nowrap">Metagross</span> <span class="col typecol"><img src="https://play.pokemonshowdown.com/sprites/types/Steel.png" alt="Steel" height="14" width="32"><img src="https://play.pokemonshowdown.com/sprites/types/Psychic.png" alt="Psychic" height="14" width="32"></span> <span style="float: left ; min-height: 26px"><span class="col abilitycol">Clear Body</span><span class="col abilitycol"></span></span></li><li style="clear: both"></li></ul></div><div class="chat"><ul class="utilichart"><li class="result"><span style="float: left ; min-height: 26px"><span class="col statcol"><em>HP</em><br>80</span> <span class="col statcol"><em>Atk</em><br>135</span> <span class="col statcol"><em>Def</em><br>130</span> <span class="col statcol"><em>SpA</em><br>95</span> <span class="col statcol"><em>SpD</em><br>90</span> <span class="col statcol"><em>Spe</em><br>70</span> </span></li><li style="clear: both"></li></ul></div><div class="chat"><ul class="utilichart"><li class="result"><span class="col pokemonnamecol" style="white-space: nowrap">Abomasnow</span> <span class="col typecol"><img src="https://play.pokemonshowdown.com/sprites/types/Grass.png" alt="Grass" height="14" width="32"><img src="https://play.pokemonshowdown.com/sprites/types/Ice.png" alt="Ice" height="14" width="32"></span> <span style="float: left ; min-height: 26px"><span class="col abilitycol">Snow Warning</span><span class="col abilitycol"></span></span></li><li style="clear: both"></li></ul></div><div class="chat"><ul class="utilichart"><li class="result"><span style="float: left ; min-height: 26px"><span class="col statcol"><em>HP</em><br>90</span> <span class="col statcol"><em>Atk</em><br>92</span> <span class="col statcol"><em>Def</em><br>75</span> <span class="col statcol"><em>SpA</em><br>92</span> <span class="col statcol"><em>SpD</em><br>85</span> <span class="col statcol"><em>Spe</em><br>60</span> </span></li><li style="clear: both"></li></ul></div><div class="battle-history">[The opposing Abomasnow's Snow Warning]<br><small>It started to hail!</small><br></div><div class="spacer battle-history"><br></div><h2 class="battle-history">Turn 1</h2><div class="chat chatmessage-lpziv"><strong style="color:#d03a0c"><small>☆</small><span class="username" data-name="LpZ IV">LpZ IV</span>:</strong> <em>hf</em></div><div class="chat chatmessage-pokology2"><strong style="color:#c84132"><small>☆</small><span class="username" data-name="pokology2">pokology2</span>:</strong> <em>gl hf</em></div><div class="spacer battle-history"><br></div><div class="battle-history">pokology2 withdrew Abomasnow!<br></div><div class="battle-history">pokology2 sent out <strong>Cloyster</strong>!<br></div><div class="chat"><ul class="utilichart"><li class="result"><span class="col pokemonnamecol" style="white-space: nowrap">Cloyster</span> <span class="col typecol"><img src="https://play.pokemonshowdown.com/sprites/types/Water.png" alt="Water" height="14" width="32"></span> <span style="float: left ; min-height: 26px"><span class="col abilitycol">Overcoat / Shell Armor</span><span class="col abilitycol"></span></span></li><li style="clear: both"></li></ul></div><div class="chat"><ul class="utilichart"><li class="result"><span style="float: left ; min-height: 26px"><span class="col statcol"><em>HP</em><br>50</span> <span class="col statcol"><em>Atk</em><br>95</span> <span class="col statcol"><em>Def</em><br>180</span> <span class="col statcol"><em>SpA</em><br>85</span> <span class="col statcol"><em>SpD</em><br>45</span> <span class="col statcol"><em>Spe</em><br>70</span> </span></li><li style="clear: both"></li></ul></div><div class="spacer battle-history"><br></div><div class="battle-history">Metagross used <strong>Meteor Mash</strong>!<br></div><div class="battle-history"><small>It's not very effective...</small><br></div><div class="battle-history"><small>(The opposing Cloyster lost 17% of its health!)</small><br></div><div class="spacer battle-history"><br></div><div class="battle-history"><small>(The hail is crashing down.)</small><br></div><div class="battle-history"><small>Metagross is buffeted by the hail!</small><br></div><div class="battle-history"><small>Metagross restored a little HP using its Leftovers!</small><br></div><div class="battle-history"><small>The opposing Cloyster restored a little HP using its Leftovers!</small><br></div><div class="spacer battle-history"><br></div><h2 class="battle-history">Turn 2</h2><div class="chat"><small>+zxgzxg and +CaoJie joined</small></div><div class="spacer battle-history"><br></div><div class="battle-history">Metagross, come back!<br></div><div class="battle-history">Go! Silvally (<strong>Silvally-Grass</strong>)!<br></div><div class="spacer battle-history"><br></div><div class="battle-history">The opposing Cloyster used <strong>Spikes</strong>!<br></div><div class="battle-history"><small>Spikes were scattered on the ground all around your team!</small><br></div><div class="spacer battle-history"><br></div><div class="battle-history"><small>(The hail is crashing down.)</small><br></div><div class="battle-history"><small>Silvally is buffeted by the hail!</small><br></div><div class="battle-history"><small>The opposing Cloyster restored a little HP using its Leftovers!</small><br></div><div class="spacer battle-history"><br></div><h2 class="battle-history">Turn 3</h2><div class="chat chatmessage-lpziv"><strong style="color:#d03a0c"><small>☆</small><span class="username" data-name="LpZ IV">LpZ IV</span>:</strong> <em>mind if u turn on timer?</em></div><div class="chat chatmessage-lpziv"><strong style="color:#d03a0c"><small>☆</small><span class="username" data-name="LpZ IV">LpZ IV</span>:</strong> <em>if i turn on*</em></div><div class="chat chatmessage-pokology2"><strong style="color:#c84132"><small>☆</small><span class="username" data-name="pokology2">pokology2</span>:</strong> <em>no</em></div><div class="chat message-error">Battle timer is ON: inactive players will automatically lose when time's up. (requested by LpZ IV)</div><div class="chat message-error">pokology2 also wants the timer to be on.</div><div class="spacer battle-history"><br></div><div class="battle-history">pokology2 withdrew Cloyster!<br></div><div class="battle-history">pokology2 sent out <strong>Plusle</strong>!<br></div><div class="chat"><ul class="utilichart"><li class="result"><span class="col pokemonnamecol" style="white-space: nowrap">Plusle</span> <span class="col typecol"><img src="https://play.pokemonshowdown.com/sprites/types/Electric.png" alt="Electric" height="14" width="32"><img src="https://play.pokemonshowdown.com/sprites/types/Fire.png" alt="Fire" height="14" width="32"></span> <span style="float: left ; min-height: 26px"><span class="col abilitycol">Galvanize / Flash Fire</span><span class="col abilitycol"></span></span></li><li style="clear: both"></li></ul></div><div class="chat"><ul class="utilichart"><li class="result"><span style="float: left ; min-height: 26px"><span class="col statcol"><em>HP</em><br>80</span> <span class="col statcol"><em>Atk</em><br>60</span> <span class="col statcol"><em>Def</em><br>60</span> <span class="col statcol"><em>SpA</em><br>95</span> <span class="col statcol"><em>SpD</em><br>85</span> <span class="col statcol"><em>Spe</em><br>105</span> </span></li><li style="clear: both"></li></ul></div><div class="spacer battle-history"><br></div><div class="battle-history">Silvally used <strong>Flamethrower</strong>!<br></div><div class="battle-history">[The opposing Plusle's Flash Fire]<br><small>The power of the opposing Plusle's Fire-type moves rose!</small><br></div><div class="spacer battle-history"><br></div><div class="battle-history"><small>(The hail is crashing down.)</small><br></div><div class="battle-history"><small>The opposing Plusle is buffeted by the hail!</small><br></div><div class="battle-history"><small>Silvally is buffeted by the hail!</small><br></div><div class="battle-history"><small>The opposing Plusle restored a little HP using its Leftovers!</small><br></div><div class="spacer battle-history"><br></div><h2 class="battle-history">Turn 4</h2><div class="chat chatmessage-zxgzxg mine"><strong style="color:#8f19ef"><small>+</small><span class="username" data-name="zxgzxg">zxgzxg</span>:</strong> <em>I mind.</em></div><div class="spacer battle-history"><br></div><div class="battle-history">Silvally, come back!<br></div><div class="battle-history">Go! <strong>Tyranitar</strong>!<br></div><div class="chat"><ul class="utilichart"><li class="result"><span class="col pokemonnamecol" style="white-space: nowrap">Tyranitar</span> <span class="col typecol"><img src="https://play.pokemonshowdown.com/sprites/types/Rock.png" alt="Rock" height="14" width="32"><img src="https://play.pokemonshowdown.com/sprites/types/Dark.png" alt="Dark" height="14" width="32"></span> <span style="float: left ; min-height: 26px"><span class="col abilitycol">Sand Stream</span><span class="col abilitycol"></span></span></li><li style="clear: both"></li></ul></div><div class="chat"><ul class="utilichart"><li class="result"><span style="float: left ; min-height: 26px"><span class="col statcol"><em>HP</em><br>100</span> <span class="col statcol"><em>Atk</em><br>134</span> <span class="col statcol"><em>Def</em><br>110</span> <span class="col statcol"><em>SpA</em><br>95</span> <span class="col statcol"><em>SpD</em><br>100</span> <span class="col statcol"><em>Spe</em><br>61</span> </span></li><li style="clear: both"></li></ul></div><div class="battle-history"><small>Tyranitar was hurt by the spikes!</small><br></div><div class="battle-history">[Tyranitar's Sand Stream]<br><small>A sandstorm kicked up!</small><br></div><div class="spacer battle-history"><br></div><div class="battle-history">The opposing Plusle used <strong>Fire Blast</strong>!<br></div><div class="battle-history"><small>It's not very effective...</small><br></div><div class="battle-history"><small>(Tyranitar lost 35% of its health!)</small><br></div><div class="spacer battle-history"><br></div><div class="battle-history"><small>(The sandstorm is raging.)</small><br></div><div class="battle-history"><small>The opposing Plusle is buffeted by the sandstorm!</small><br></div><div class="battle-history"><small>The opposing Plusle restored a little HP using its Leftovers!</small><br></div><div class="spacer battle-history"><br></div><h2 class="battle-history">Turn 5</h2><div class="spacer battle-history"><br></div><div class="battle-history">pokology2 withdrew Plusle!<br></div><div class="battle-history">pokology2 sent out <strong>Cloyster</strong>!<br></div><div class="spacer battle-history"><br></div><div class="battle-history">Tyranitar used <strong>Rock Slide</strong>!<br></div><div class="battle-history"><small>(The opposing Cloyster lost 27% of its health!)</small><br></div><div class="spacer battle-history"><br></div><div class="battle-history"><small>(The sandstorm is raging.)</small><br></div><div class="battle-history"><small>The opposing Cloyster restored a little HP using its Leftovers!</small><br></div><div class="spacer battle-history"><br></div><h2 class="battle-history">Turn 6</h2><div class="chat message-error">pokology2 has 270 seconds left.</div><div class="spacer battle-history"><br></div><div class="battle-history">Tyranitar, come back!<br></div><div class="battle-history">Go! Silvally (<strong>Silvally-Grass</strong>)!<br></div><div class="battle-history"><small>Silvally was hurt by the spikes!</small><br></div><div class="spacer battle-history"><br></div><div class="battle-history">The opposing Cloyster used <strong>Spikes</strong>!<br></div><div class="battle-history"><small>Spikes were scattered on the ground all around your team!</small><br></div><div class="spacer battle-history"><br></div><div class="battle-history"><small>(The sandstorm is raging.)</small><br></div><div class="battle-history"><small>Silvally is buffeted by the sandstorm!</small><br></div><div class="battle-history"><small>The opposing Cloyster restored a little HP using its Leftovers!</small><br></div><div class="spacer battle-history"><br></div><h2 class="battle-history">Turn 7</h2><div class="chat message-error">pokology2 has 270 seconds left.</div><div class="spacer battle-history"><br></div><div class="battle-history">pokology2 withdrew Cloyster!<br></div><div class="battle-history">pokology2 sent out <strong>Skuntank</strong>!<br></div><div class="chat"><ul class="utilichart"><li class="result"><span class="col pokemonnamecol" style="white-space: nowrap">Skuntank</span> <span class="col typecol"><img src="https://play.pokemonshowdown.com/sprites/types/Poison.png" alt="Poison" height="14" width="32"><img src="https://play.pokemonshowdown.com/sprites/types/Dark.png" alt="Dark" height="14" width="32"></span> <span style="float: left ; min-height: 26px"><span class="col abilitycol">Overcoat / Intimidate</span><span class="col abilitycol"></span></span></li><li style="clear: both"></li></ul></div><div class="chat"><ul class="utilichart"><li class="result"><span style="float: left ; min-height: 26px"><span class="col statcol"><em>HP</em><br>111</span> <span class="col statcol"><em>Atk</em><br>77</span> <span class="col statcol"><em>Def</em><br>79</span> <span class="col statcol"><em>SpA</em><br>77</span> <span class="col statcol"><em>SpD</em><br>79</span> <span class="col statcol"><em>Spe</em><br>91</span> </span></li><li style="clear: both"></li></ul></div><div class="spacer battle-history"><br></div><div class="battle-history">Silvally used <strong>Multi-Attack</strong>!<br></div><div class="battle-history"><small>It's not very effective...</small><br></div><div class="battle-history"><small>(The opposing Skuntank lost 19% of its health!)</small><br></div><div class="spacer battle-history"><br></div><div class="battle-history"><small>(The sandstorm is raging.)</small><br></div><div class="battle-history"><small>Silvally is buffeted by the sandstorm!</small><br></div><div class="battle-history"><small>The opposing Skuntank restored a little HP using its Leftovers!</small><br></div><div class="spacer battle-history"><br></div><h2 class="battle-history">Turn 8</h2><div class="chat message-error">pokology2 has 270 seconds left.</div><div class="spacer battle-history"><br></div><div class="battle-history">Silvally used <strong>Explosion</strong>!<br></div><div class="battle-history"><small>(The opposing Skuntank lost 88% of its health!)</small><br></div><div class="spacer battle-history"><br></div><div class="battle-history">Silvally fainted!<br></div><div class="battle-history">The opposing Skuntank fainted!<br></div><div class="chat"><small>+anaconja joined</small></div><div class="chat chatmessage-anaconja"><strong style="color:#9d24d6"><small>+</small><span class="username" data-name="anaconja">anaconja</span>:</strong> <em>ONE PERCENT?</em></div><div class="chat message-error">pokology2 has 270 seconds left.</div><div class="spacer battle-history"><br></div><div class="battle-history">Go! <strong>Magneton</strong>!<br></div><div class="spacer battle-history"><br></div><div class="battle-history">pokology2 sent out <strong>Abomasnow</strong>!<br></div><div class="chat"><ul class="utilichart"><li class="result"><span class="col pokemonnamecol" style="white-space: nowrap">Magneton</span> <span class="col typecol"><img src="https://play.pokemonshowdown.com/sprites/types/Electric.png" alt="Electric" height="14" width="32"><img src="https://play.pokemonshowdown.com/sprites/types/Steel.png" alt="Steel" height="14" width="32"></span> <span style="float: left ; min-height: 26px"><span class="col abilitycol">Magnet Pull / Sturdy</span><span class="col abilitycol"></span></span></li><li style="clear: both"></li></ul></div><div class="chat"><ul class="utilichart"><li class="result"><span style="float: left ; min-height: 26px"><span class="col statcol"><em>HP</em><br>50</span> <span class="col statcol"><em>Atk</em><br>60</span> <span class="col statcol"><em>Def</em><br>95</span> <span class="col statcol"><em>SpA</em><br>120</span> <span class="col statcol"><em>SpD</em><br>70</span> <span class="col statcol"><em>Spe</em><br>70</span> </span></li><li style="clear: both"></li></ul></div><div class="battle-history"><small>Magneton was hurt by the spikes!</small><br></div><div class="battle-history">[The opposing Abomasnow's Snow Warning]<br><small>It started to hail!</small><br></div><div class="spacer battle-history"><br></div><div class="battle-history"><small>(The hail is crashing down.)</small><br></div><div class="battle-history"><small>Magneton is buffeted by the hail!</small><br></div><div class="spacer battle-history"><br></div><h2 class="battle-history">Turn 9</h2><div class="spacer battle-history"><br></div><div class="battle-history">The opposing Abomasnow used <strong>Protect</strong>!<br></div><div class="battle-history"><small>The opposing Abomasnow protected itself!</small><br></div><div class="spacer battle-history"><br></div><div class="battle-history">Magneton used <strong>Toxic</strong>!<br></div><div class="battle-history"><small>The opposing Abomasnow avoided the attack!</small><br></div><div class="spacer battle-history"><br></div><div class="battle-history"><small>(The hail is crashing down.)</small><br></div><div class="battle-history"><small>Magneton is buffeted by the hail!</small><br></div><div class="spacer battle-history"><br></div><h2 class="battle-history">Turn 10</h2><div class="spacer battle-history"><br></div><div class="battle-history">pokology2 withdrew Abomasnow!<br></div><div class="battle-history">pokology2 sent out <strong>Yanmega</strong>!<br></div><div class="chat"><ul class="utilichart"><li class="result"><span class="col pokemonnamecol" style="white-space: nowrap">Yanmega</span> <span class="col typecol"><img src="https://play.pokemonshowdown.com/sprites/types/Bug.png" alt="Bug" height="14" width="32"><img src="https://play.pokemonshowdown.com/sprites/types/Dragon.png" alt="Dragon" height="14" width="32"></span> <span style="float: left ; min-height: 26px"><span class="col abilitycol">Speed Boost / Keen Eye</span><span class="col abilitycol"></span></span></li><li style="clear: both"></li></ul></div><div class="chat"><ul class="utilichart"><li class="result"><span style="float: left ; min-height: 26px"><span class="col statcol"><em>HP</em><br>86</span> <span class="col statcol"><em>Atk</em><br>76</span> <span class="col statcol"><em>Def</em><br>86</span> <span class="col statcol"><em>SpA</em><br>126</span> <span class="col statcol"><em>SpD</em><br>56</span> <span class="col statcol"><em>Spe</em><br>95</span> </span></li><li style="clear: both"></li></ul></div><div class="spacer battle-history"><br></div><div class="battle-history">Magneton used <strong>Toxic</strong>!<br></div><div class="battle-history"><small>The opposing Yanmega was badly poisoned!</small><br></div><div class="spacer battle-history"><br></div><div class="battle-history"><small>(The hail is crashing down.)</small><br></div><div class="battle-history"><small>The opposing Yanmega is buffeted by the hail!</small><br></div><div class="battle-history"><small>Magneton is buffeted by the hail!</small><br></div><div class="battle-history"><small>The opposing Yanmega restored a little HP using its Leftovers!</small><br></div><div class="battle-history"><small>The opposing Yanmega was hurt by poison!</small><br></div><div class="spacer battle-history"><br></div><h2 class="battle-history">Turn 11</h2><div class="spacer battle-history"><br></div><div class="battle-history">Magneton used <strong>Protect</strong>!<br></div><div class="battle-history"><small>Magneton protected itself!</small><br></div><div class="spacer battle-history"><br></div><div class="battle-history">The opposing Yanmega used <strong>Hidden Power</strong>!<br></div><div class="battle-history"><small>Magneton protected itself!</small><br></div><div class="spacer battle-history"><br></div><div class="battle-history"><small>(The hail is crashing down.)</small><br></div><div class="battle-history"><small>The opposing Yanmega is buffeted by the hail!</small><br></div><div class="battle-history"><small>Magneton is buffeted by the hail!</small><br></div><div class="battle-history"><small>The opposing Yanmega restored a little HP using its Leftovers!</small><br></div><div class="battle-history"><small>The opposing Yanmega was hurt by poison!</small><br></div><div class="battle-history">[The opposing Yanmega's Speed Boost]<br></div><div class="battle-history"><small>The opposing Yanmega's Speed rose!</small><br></div><div class="spacer battle-history"><br></div><h2 class="battle-history">Turn 12</h2><div class="spacer battle-history"><br></div><div class="battle-history">Magneton, come back!<br></div><div class="battle-history">Go! <strong>Snorlax</strong>!<br></div><div class="chat"><ul class="utilichart"><li class="result"><span class="col pokemonnamecol" style="white-space: nowrap">Snorlax</span> <span class="col typecol"><img src="https://play.pokemonshowdown.com/sprites/types/Normal.png" alt="Normal" height="14" width="32"></span> <span style="float: left ; min-height: 26px"><span class="col abilitycol">Immunity / Thick Fat</span><span class="col abilitycol"></span></span></li><li style="clear: both"></li></ul></div><div class="chat"><ul class="utilichart"><li class="result"><span style="float: left ; min-height: 26px"><span class="col statcol"><em>HP</em><br>160</span> <span class="col statcol"><em>Atk</em><br>110</span> <span class="col statcol"><em>Def</em><br>65</span> <span class="col statcol"><em>SpA</em><br>65</span> <span class="col statcol"><em>SpD</em><br>110</span> <span class="col statcol"><em>Spe</em><br>30</span> </span></li><li style="clear: both"></li></ul></div><div class="battle-history"><small>Snorlax was hurt by the spikes!</small><br></div><div class="spacer battle-history"><br></div><div class="battle-history">The opposing Yanmega used <strong>Dragon Claw</strong>!<br></div><div class="battle-history"><small>(Snorlax lost 27% of its health!)</small><br></div><div class="spacer battle-history"><br></div><div class="battle-history"><small>(The hail is crashing down.)</small><br></div><div class="battle-history"><small>The opposing Yanmega is buffeted by the hail!</small><br></div><div class="battle-history"><small>Snorlax is buffeted by the hail!</small><br></div><div class="battle-history"><small>The opposing Yanmega restored a little HP using its Leftovers!</small><br></div><div class="battle-history"><small>Snorlax restored a little HP using its Leftovers!</small><br></div><div class="battle-history"><small>The opposing Yanmega was hurt by poison!</small><br></div><div class="battle-history">[The opposing Yanmega's Speed Boost]<br></div><div class="battle-history"><small>The opposing Yanmega's Speed rose!</small><br></div><div class="spacer battle-history"><br></div><h2 class="battle-history">Turn 13</h2><div class="chat message-error">pokology2 has 270 seconds left.</div><div class="spacer battle-history"><br></div><div class="battle-history">pokology2 withdrew Yanmega!<br></div><div class="battle-history">pokology2 sent out <strong>Crabominable</strong>!<br></div><div class="chat"><ul class="utilichart"><li class="result"><span class="col pokemonnamecol" style="white-space: nowrap">Crabominable</span> <span class="col typecol"><img src="https://play.pokemonshowdown.com/sprites/types/Fighting.png" alt="Fighting" height="14" width="32"><img src="https://play.pokemonshowdown.com/sprites/types/Ice.png" alt="Ice" height="14" width="32"></span> <span style="float: left ; min-height: 26px"><span class="col abilitycol">Fur Coat / Overcoat</span><span class="col abilitycol"></span></span></li><li style="clear: both"></li></ul></div><div class="chat"><ul class="utilichart"><li class="result"><span style="float: left ; min-height: 26px"><span class="col statcol"><em>HP</em><br>100</span> <span class="col statcol"><em>Atk</em><br>132</span> <span class="col statcol"><em>Def</em><br>87</span> <span class="col statcol"><em>SpA</em><br>62</span> <span class="col statcol"><em>SpD</em><br>85</span> <span class="col statcol"><em>Spe</em><br>43</span> </span></li><li style="clear: both"></li></ul></div><div class="spacer battle-history"><br></div><div class="battle-history">Snorlax used <strong>Lovely Kiss</strong>!<br></div><div class="battle-history"><small>The opposing Crabominable fell asleep!</small><br></div><div class="spacer battle-history"><br></div><div class="battle-history"><small>(The hail is crashing down.)</small><br></div><div class="battle-history"><small>Snorlax is buffeted by the hail!</small><br></div><div class="battle-history"><small>Snorlax restored a little HP using its Leftovers!</small><br></div><div class="spacer battle-history"><br></div><h2 class="battle-history">Turn 14</h2><div class="chat message-error">pokology2 has 270 seconds left.</div><div class="spacer battle-history"><br></div><div class="battle-history">Snorlax, come back!<br></div><div class="battle-history">Go! <strong>Metagross</strong>!<br></div><div class="battle-history"><small>Metagross was hurt by the spikes!</small><br></div><div class="spacer battle-history"><br></div><div class="battle-history">The opposing Crabominable is fast asleep.<br></div><div class="spacer battle-history"><br></div><div class="battle-history"><small>(The hail is crashing down.)</small><br></div><div class="battle-history"><small>Metagross is buffeted by the hail!</small><br></div><div class="battle-history"><small>Metagross restored a little HP using its Leftovers!</small><br></div><div class="spacer battle-history"><br></div><h2 class="battle-history">Turn 15</h2><div class="chat"><small>+UDM31 joined</small></div><div class="chat message-error">pokology2 has 270 seconds left.</div><div class="spacer battle-history"><br></div><div class="battle-history">pokology2 withdrew Crabominable!<br></div><div class="battle-history">pokology2 sent out <strong>Cloyster</strong>!<br></div><div class="spacer battle-history"><br></div><div class="battle-history">Metagross used <strong>Explosion</strong>!<br></div><div class="battle-history"><small>(The opposing Cloyster lost 80% of its health!)</small><br></div><div class="spacer battle-history"><br></div><div class="battle-history">Metagross fainted!<br></div><div class="battle-history">The opposing Cloyster fainted!<br></div><div class="chat message-error">pokology2 has 270 seconds left.</div><div class="spacer battle-history"><br></div><div class="battle-history">Go! <strong>Magneton</strong>!<br></div><div class="spacer battle-history"><br></div><div class="battle-history">pokology2 sent out <strong>Plusle</strong>!<br></div><div class="battle-history"><small>Magneton was hurt by the spikes!</small><br></div><div class="spacer battle-history"><br></div><div class="battle-history"><small>(The hail is crashing down.)</small><br></div><div class="battle-history"><small>The opposing Plusle is buffeted by the hail!</small><br></div><div class="battle-history"><small>Magneton is buffeted by the hail!</small><br></div><div class="battle-history"><small>The opposing Plusle restored a little HP using its Leftovers!</small><br></div><div class="spacer battle-history"><br></div><h2 class="battle-history">Turn 16</h2><div class="chat message-error">pokology2 has 240 seconds left.</div><div class="chat chatmessage-anaconja"><strong style="color:#9d24d6"><small>+</small><span class="username" data-name="anaconja">anaconja</span>:</strong> <em>oh</em></div><div class="chat chatmessage-anaconja"><strong style="color:#9d24d6"><small>+</small><span class="username" data-name="anaconja">anaconja</span>:</strong> <em>i went on my phone and saw multiattack actually did 19</em></div><div class="chat chatmessage-anaconja"><strong style="color:#9d24d6"><small>+</small><span class="username" data-name="anaconja">anaconja</span>:</strong> <em>why did it show up as 1% on my computer</em></div><div class="chat message-error">pokology2 has 210 seconds left.</div><div class="chat message-error">pokology2 has 180 seconds left.</div><div class="spacer battle-history"><br></div><div class="battle-history">The opposing Plusle used <strong>Fire Blast</strong>!<br></div><div class="battle-history"><small>Magneton avoided the attack!</small><br></div><div class="spacer battle-history"><br></div><div class="battle-history">Magneton used <strong>Toxic</strong>!<br></div><div class="battle-history"><small>The opposing Plusle avoided the attack!</small><br></div><div class="spacer battle-history"><br></div><div class="battle-history"><small>(The hail is crashing down.)</small><br></div><div class="battle-history"><small>The opposing Plusle is buffeted by the hail!</small><br></div><div class="battle-history"><small>Magneton is buffeted by the hail!</small><br></div><div class="battle-history"><small>The opposing Plusle restored a little HP using its Leftovers!</small><br></div><div class="spacer battle-history"><br></div><h2 class="battle-history">Turn 17</h2><div class="spacer battle-history"><br></div><div class="battle-history">The opposing Plusle used <strong>Thunderbolt</strong>!<br></div><div class="battle-history"><small>It's not very effective...</small><br></div><div class="battle-history"><small>(Magneton lost 30% of its health!)</small><br></div><div class="spacer battle-history"><br></div><div class="battle-history">Magneton fainted!<br></div><div class="spacer battle-history"><br></div><div class="battle-history">Go! <strong>Snorlax</strong>!<br></div><div class="battle-history"><small>Snorlax was hurt by the spikes!</small><br></div><div class="spacer battle-history"><br></div><div class="battle-history"><small>(The hail is crashing down.)</small><br></div><div class="battle-history"><small>The opposing Plusle is buffeted by the hail!</small><br></div><div class="battle-history"><small>Snorlax is buffeted by the hail!</small><br></div><div class="battle-history"><small>The opposing Plusle restored a little HP using its Leftovers!</small><br></div><div class="battle-history"><small>Snorlax restored a little HP using its Leftovers!</small><br></div><div class="spacer battle-history"><br></div><h2 class="battle-history">Turn 18</h2><div class="spacer battle-history"><br></div><div class="battle-history">pokology2 withdrew Plusle!<br></div><div class="battle-history">pokology2 sent out <strong>Crabominable</strong>!<br></div><div class="spacer battle-history"><br></div><div class="battle-history">Snorlax used <strong>Earthquake</strong>!<br></div><div class="battle-history"><small>A critical hit!</small><br></div><div class="battle-history"><small>(The opposing Crabominable lost 23% of its health!)</small><br></div><div class="spacer battle-history"><br></div><div class="battle-history"><small>(The hail is crashing down.)</small><br></div><div class="battle-history"><small>Snorlax is buffeted by the hail!</small><br></div><div class="battle-history"><small>The opposing Crabominable restored a little HP using its Leftovers!</small><br></div><div class="battle-history"><small>Snorlax restored a little HP using its Leftovers!</small><br></div><div class="spacer battle-history"><br></div><h2 class="battle-history">Turn 19</h2><div class="spacer battle-history"><br></div><div class="battle-history"><small>The opposing Crabominable woke up!</small><br></div><div class="spacer battle-history"><br></div><div class="battle-history">The opposing Crabominable used <strong>Protect</strong>!<br></div><div class="battle-history"><small>The opposing Crabominable protected itself!</small><br></div><div class="spacer battle-history"><br></div><div class="battle-history">Snorlax used <strong>Self-Destruct</strong>!<br></div><div class="battle-history"><small>The opposing Crabominable protected itself!</small><br></div><div class="spacer battle-history"><br></div><div class="battle-history">Snorlax fainted!<br></div><div class="spacer battle-history"><br></div><div class="battle-history">Go! <strong>Tyranitar</strong>!<br></div><div class="battle-history"><small>Tyranitar was hurt by the spikes!</small><br></div><div class="battle-history">[Tyranitar's Sand Stream]<br><small>A sandstorm kicked up!</small><br></div><div class="spacer battle-history"><br></div><div class="battle-history"><small>(The sandstorm is raging.)</small><br></div><div class="battle-history"><small>The opposing Crabominable is buffeted by the sandstorm!</small><br></div><div class="battle-history"><small>The opposing Crabominable restored a little HP using its Leftovers!</small><br></div><div class="spacer battle-history"><br></div><h2 class="battle-history">Turn 20</h2><div class="chat message-error">pokology2 has 210 seconds left.</div><div class="spacer battle-history"><br></div><div class="battle-history">Tyranitar used <strong>Rock Slide</strong>!<br></div><div class="battle-history"><small>(The opposing Crabominable lost 17% of its health!)</small><br></div><div class="spacer battle-history"><br></div><div class="battle-history">The opposing Crabominable flinched and couldn't move!<br></div><div class="spacer battle-history"><br></div><div class="battle-history"><small>(The sandstorm is raging.)</small><br></div><div class="battle-history"><small>The opposing Crabominable is buffeted by the sandstorm!</small><br></div><div class="battle-history"><small>The opposing Crabominable restored a little HP using its Leftovers!</small><br></div><div class="spacer battle-history"><br></div><h2 class="battle-history">Turn 21</h2><div class="spacer battle-history"><br></div><div class="battle-history">Tyranitar used <strong>Rock Slide</strong>!<br></div><div class="battle-history"><small>(The opposing Crabominable lost 16% of its health!)</small><br></div><div class="spacer battle-history"><br></div><div class="battle-history">The opposing Crabominable used <strong>Circle Throw</strong>!<br></div><div class="battle-history"><small>Tyranitar avoided the attack!</small><br></div><div class="spacer battle-history"><br></div><div class="battle-history"><small>(The sandstorm is raging.)</small><br></div><div class="battle-history"><small>The opposing Crabominable is buffeted by the sandstorm!</small><br></div><div class="battle-history"><small>The opposing Crabominable restored a little HP using its Leftovers!</small><br></div><div class="spacer battle-history"><br></div><h2 class="battle-history">Turn 22</h2><div class="spacer battle-history"><br></div><div class="battle-history">Tyranitar used <strong>Rock Slide</strong>!<br></div><div class="battle-history"><small>(The opposing Crabominable lost 16% of its health!)</small><br></div><div class="spacer battle-history"><br></div><div class="battle-history">The opposing Crabominable used <strong>Circle Throw</strong>!<br></div><div class="battle-history"><small>It's super effective!</small><br></div><div class="battle-history"><small>(Tyranitar lost 37% of its health!)</small><br></div><div class="spacer battle-history"><br></div><div class="battle-history">Tyranitar fainted!<br></div><div class="spacer battle-history"><br></div><div class="battle-history">Go! <strong>Salamence</strong>!<br></div><div class="chat"><ul class="utilichart"><li class="result"><span class="col pokemonnamecol" style="white-space: nowrap">Salamence</span> <span class="col typecol"><img src="https://play.pokemonshowdown.com/sprites/types/Dragon.png" alt="Dragon" height="14" width="32"><img src="https://play.pokemonshowdown.com/sprites/types/Flying.png" alt="Flying" height="14" width="32"></span> <span style="float: left ; min-height: 26px"><span class="col abilitycol">Intimidate</span><span class="col abilitycol"></span></span></li><li style="clear: both"></li></ul></div><div class="chat"><ul class="utilichart"><li class="result"><span style="float: left ; min-height: 26px"><span class="col statcol"><em>HP</em><br>95</span> <span class="col statcol"><em>Atk</em><br>135</span> <span class="col statcol"><em>Def</em><br>80</span> <span class="col statcol"><em>SpA</em><br>110</span> <span class="col statcol"><em>SpD</em><br>80</span> <span class="col statcol"><em>Spe</em><br>100</span> </span></li><li style="clear: both"></li></ul></div><div class="battle-history">[Salamence's Intimidate]<br></div><div class="battle-history"><small>The opposing Crabominable's Attack fell!</small><br></div><div class="spacer battle-history"><br></div><div class="battle-history"><small>(The sandstorm is raging.)</small><br></div><div class="battle-history"><small>Salamence is buffeted by the sandstorm!</small><br></div><div class="battle-history"><small>The opposing Crabominable is buffeted by the sandstorm!</small><br></div><div class="battle-history"><small>Salamence restored a little HP using its Leftovers!</small><br></div><div class="battle-history"><small>The opposing Crabominable restored a little HP using its Leftovers!</small><br></div><div class="spacer battle-history"><br></div><h2 class="battle-history">Turn 23</h2><div class="spacer battle-history"><br></div><div class="battle-history">Salamence used <strong>Dragon Dance</strong>!<br></div><div class="battle-history"><small>Salamence's Attack rose!</small><br></div><div class="battle-history"><small>Salamence's Speed rose!</small><br></div><div class="spacer battle-history"><br></div><div class="battle-history">The opposing Crabominable used <strong>Ice Beam</strong>!<br></div><div class="battle-history"><small>It's super effective!</small><br></div><div class="battle-history"><small>(Salamence lost 87% of its health!)</small><br></div><div class="spacer battle-history"><br></div><div class="battle-history"><small>(The sandstorm is raging.)</small><br></div><div class="battle-history"><small>Salamence is buffeted by the sandstorm!</small><br></div><div class="battle-history"><small>The opposing Crabominable is buffeted by the sandstorm!</small><br></div><div class="battle-history"><small>Salamence restored a little HP using its Leftovers!</small><br></div><div class="battle-history"><small>The opposing Crabominable restored a little HP using its Leftovers!</small><br></div><div class="spacer battle-history"><br></div><h2 class="battle-history">Turn 24</h2><div class="chat message-error">pokology2 has 240 seconds left.</div><div class="spacer battle-history"><br></div><div class="battle-history">Salamence used <strong>Hidden Power</strong>!<br></div><div class="battle-history"><small>It's super effective!</small><br></div><div class="battle-history"><small>(The opposing Crabominable lost 34% of its health!)</small><br></div><div class="spacer battle-history"><br></div><div class="battle-history">The opposing Crabominable fainted!<br></div><div class="spacer battle-history"><br></div><div class="battle-history">pokology2 sent out <strong>Yanmega</strong>!<br></div><div class="spacer battle-history"><br></div><div class="battle-history"><small>(The sandstorm is raging.)</small><br></div><div class="battle-history"><small>Salamence is buffeted by the sandstorm!</small><br></div><div class="battle-history"><small>The opposing Yanmega is buffeted by the sandstorm!</small><br></div><div class="battle-history"><small>Salamence restored a little HP using its Leftovers!</small><br></div><div class="battle-history"><small>The opposing Yanmega restored a little HP using its Leftovers!</small><br></div><div class="battle-history"><small>The opposing Yanmega was hurt by poison!</small><br></div><div class="spacer battle-history"><br></div><h2 class="battle-history">Turn 25</h2><div class="chat message-error">pokology2 has 240 seconds left.</div><div class="spacer battle-history"><br></div><div class="battle-history">The opposing Yanmega used <strong>Protect</strong>!<br></div><div class="battle-history"><small>The opposing Yanmega protected itself!</small><br></div><div class="spacer battle-history"><br></div><div class="battle-history">Salamence used <strong>Dragon Dance</strong>!<br></div><div class="battle-history"><small>Salamence's Attack rose!</small><br></div><div class="battle-history"><small>Salamence's Speed rose!</small><br></div><div class="spacer battle-history"><br></div><div class="battle-history"><small>(The sandstorm is raging.)</small><br></div><div class="battle-history"><small>Salamence is buffeted by the sandstorm!</small><br></div><div class="battle-history"><small>The opposing Yanmega is buffeted by the sandstorm!</small><br></div><div class="battle-history"><small>Salamence restored a little HP using its Leftovers!</small><br></div><div class="battle-history"><small>The opposing Yanmega restored a little HP using its Leftovers!</small><br></div><div class="battle-history"><small>The opposing Yanmega was hurt by poison!</small><br></div><div class="battle-history">[The opposing Yanmega's Speed Boost]<br></div><div class="battle-history"><small>The opposing Yanmega's Speed rose!</small><br></div><div class="spacer battle-history"><br></div><h2 class="battle-history">Turn 26</h2><div class="chat message-error">pokology2 has 240 seconds left.</div><div class="spacer battle-history"><br></div><div class="battle-history">Salamence used <strong>Hidden Power</strong>!<br></div><div class="battle-history"><small>It's super effective!</small><br></div><div class="battle-history"><small>(The opposing Yanmega lost 44% of its health!)</small><br></div><div class="spacer battle-history"><br></div><div class="battle-history">The opposing Yanmega fainted!<br></div><div class="spacer battle-history"><br></div><div class="battle-history">pokology2 sent out <strong>Abomasnow</strong>!<br></div><div class="battle-history">[The opposing Abomasnow's Snow Warning]<br><small>It started to hail!</small><br></div><div class="spacer battle-history"><br></div><div class="battle-history"><small>(The hail is crashing down.)</small><br></div><div class="battle-history"><small>Salamence is buffeted by the hail!</small><br></div><div class="battle-history"><small>Salamence restored a little HP using its Leftovers!</small><br></div><div class="spacer battle-history"><br></div><h2 class="battle-history">Turn 27</h2><div class="spacer battle-history"><br></div><div class="battle-history">The opposing Abomasnow used <strong>Ice Shard</strong>!<br></div><div class="battle-history"><small>It's super effective!</small><br></div><div class="battle-history"><small>(Salamence lost 13% of its health!)</small><br></div><div class="spacer battle-history"><br></div><div class="battle-history">Salamence fainted!<br></div><div class="spacer battle-history"><br></div><div class="battle-history"><strong>pokology2</strong> won the battle!<br></div><div class="chat chatmessage-lpziv"><strong style="color:#d03a0c"><small>☆</small><span class="username" data-name="LpZ IV">LpZ IV</span>:</strong> <em>ah</em></div><div class="chat chatmessage-lpziv"><strong style="color:#d03a0c"><small>☆</small><span class="username" data-name="LpZ IV">LpZ IV</span>:</strong> <em>gg</em></div><div class="chat chatmessage-pokology2"><strong style="color:#c84132"><small>☆</small><span class="username" data-name="pokology2">pokology2</span>:</strong> <em>gg</em></div><div class="chat"><small>+anaconja and +CaoJie left</small></div><div class="chat chatmessage-zxgzxg mine"><strong style="color:#8f19ef"><small>+</small><span class="username" data-name="zxgzxg">zxgzxg</span>:</strong> <em>scared me for a min lmao</em></div><div class="chat"><small>+Sticky Fingaa joined</small></div></div><div class="inner-preempt message-log"></div></div></div>
</div>
<script>
let daily = Math.floor(Date.now()/1000/60/60/24);document.write('<script src="https://dragonheaven.herokuapp.com/js/replay-embed.js?version'+daily+'"></'+'script>');
</script>
