<!DOCTYPE html>
<meta charset="utf-8" />
<!-- version 1 -->
<title>[Gen 8] Fusion Evolution Gen 9 replay: Z Strats vs. zxgzxg</title>
<style>
html,body {font-family:Verdana, sans-serif;font-size:10pt;margin:0;padding:0;}body{padding:12px 0;} .battle-log {font-family:Verdana, sans-serif;font-size:10pt;} .battle-log-inline {border:1px solid #AAAAAA;background:#EEF2F5;color:black;max-width:640px;margin:0 auto 80px;padding-bottom:5px;} .battle-log .inner {padding:4px 8px 0px 8px;} .battle-log .inner-preempt {padding:0 8px 4px 8px;} .battle-log .inner-after {margin-top:0.5em;} .battle-log h2 {margin:0.5em -8px;padding:4px 8px;border:1px solid #AAAAAA;background:#E0E7EA;border-left:0;border-right:0;font-family:Verdana, sans-serif;font-size:13pt;} .battle-log .chat {vertical-align:middle;padding:3px 0 3px 0;font-size:8pt;} .battle-log .chat strong {color:#40576A;} .battle-log .chat em {padding:1px 4px 1px 3px;color:#000000;font-style:normal;} .chat.mine {background:rgba(0,0,0,0.05);margin-left:-8px;margin-right:-8px;padding-left:8px;padding-right:8px;} .spoiler {color:#BBBBBB;background:#BBBBBB;padding:0px 3px;} .spoiler:hover, .spoiler:active, .spoiler-shown {color:#000000;background:#E2E2E2;padding:0px 3px;} .spoiler a {color:#BBBBBB;} .spoiler:hover a, .spoiler:active a, .spoiler-shown a {color:#2288CC;} .chat code, .chat .spoiler:hover code, .chat .spoiler:active code, .chat .spoiler-shown code {border:1px solid #C0C0C0;background:#EEEEEE;color:black;padding:0 2px;} .chat .spoiler code {border:1px solid #CCCCCC;background:#CCCCCC;color:#CCCCCC;} .battle-log .rated {padding:3px 4px;} .battle-log .rated strong {color:white;background:#89A;padding:1px 4px;border-radius:4px;} .spacer {margin-top:0.5em;} .message-announce {background:#6688AA;color:white;padding:1px 4px 2px;} .message-announce a, .broadcast-green a, .broadcast-blue a, .broadcast-red a {color:#DDEEFF;} .broadcast-green {background-color:#559955;color:white;padding:2px 4px;} .broadcast-blue {background-color:#6688AA;color:white;padding:2px 4px;} .infobox {border:1px solid #6688AA;padding:2px 4px;} .infobox-limited {max-height:200px;overflow:auto;overflow-x:hidden;} .broadcast-red {background-color:#AA5544;color:white;padding:2px 4px;} .message-learn-canlearn {font-weight:bold;color:#228822;text-decoration:underline;} .message-learn-cannotlearn {font-weight:bold;color:#CC2222;text-decoration:underline;} .message-effect-weak {font-weight:bold;color:#CC2222;} .message-effect-resist {font-weight:bold;color:#6688AA;} .message-effect-immune {font-weight:bold;color:#666666;} .message-learn-list {margin-top:0;margin-bottom:0;} .message-throttle-notice, .message-error {color:#992222;} .message-overflow, .chat small.message-overflow {font-size:0pt;} .message-overflow::before {font-size:9pt;content:'...';} .subtle {color:#3A4A66;}
</style>
<div class="wrapper replay-wrapper" style="max-width:1180px;margin:0 auto">
<input type="hidden" name="replayid" value="dragonheaven-gen8fusionevolutiongen9-14" />
<div class="battle"></div><div class="battle-log"></div><div class="replay-controls"></div><div class="replay-controls-2"></div>
<h1 style="font-weight:normal;text-align:center"><strong>[Gen 8] Fusion Evolution Gen 9</strong><br /><a href="http://pokemonshowdown.com/users/zstrats" class="subtle" target="_blank">Z Strats</a> vs. <a href="http://pokemonshowdown.com/users/zxgzxg" class="subtle" target="_blank">zxgzxg</a></h1>
<script type="text/plain" class="battle-log-data">|j|☆Z Strats
|j|☆zxgzxg
|t:|1686330166
|player|p1|Z Strats|265|
|player|p2|zxgzxg|2|
|teamsize|p1|6
|teamsize|p2|6
|gametype|singles
|gen|9
|tier|[Gen 8] Fusion Evolution Gen 9
|clearpoke
|poke|p1|Iron Meta|
|poke|p1|Slither King, F|
|poke|p1|Sol Valiant, M|
|poke|p1|Iron Dirge, M|
|poke|p1|Iron Mimic, M|
|poke|p1|Roaring Sal, F|
|poke|p2|Roaring Sal, F|
|poke|p2|Stargrowth, F|
|poke|p2|Rotoghold|
|poke|p2|Slither King, F|
|poke|p2|Drampiclus, F|
|poke|p2|Whimsy Sands, M|
|rule|HP Percentage Mod: HP is shown in percentages
|rule|Endless Battle Clause: Forcing endless battles is banned
|rule|OHKO Clause: OHKO moves are banned
|rule|Evasion Moves Clause: Evasion moves are banned
|rule|Species Clause: Limit one of each Pokémon
|rule|Dynamax Clause: You cannot dynamax
|rule|Sleep Clause Mod: Limit one foe put to sleep
|rule|Z-Move Clause: Z-Moves are banned
|teampreview
|c|☆zxgzxg|glhf
|c|☆Z Strats|hf
|
|t:|1686330212
|start
|switch|p1a: Iron Dirge|Iron Dirge, M|100\/100
|switch|p2a: Rotoghold|Rotoghold|100\/100
|-start|p1a: Iron Dirge|typechange|Fire\/Ground|[silent]
|raw|<ul class="utilichart"><li class="result"><span class="col pokemonnamecol" style="white-space: nowrap">Iron Dirge<\/span> <span class="col typecol"><img src="https:\/\/play.pokemonshowdown.com\/sprites\/types\/Fire.png" alt="Fire" height="14" width="32"><img src="https:\/\/play.pokemonshowdown.com\/sprites\/types\/Ground.png" alt="Ground" height="14" width="32"><\/span> <span style="float: left ; min-height: 26px"><span class="col abilitycol">Dyschronometria<\/span><span class="col abilitycol"><\/span><\/span><\/li><li style="clear: both"><\/li><\/ul>
|raw|<ul class="utilichart"><li class="result"><span style="float: left ; min-height: 26px"><span class="col statcol"><em>HP<\/em><br>98<\/span> <span class="col statcol"><em>Atk<\/em><br>96<\/span> <span class="col statcol"><em>Def<\/em><br>110<\/span> <span class="col statcol"><em>SpA<\/em><br>96<\/span> <span class="col statcol"><em>SpD<\/em><br>74<\/span> <span class="col statcol"><em>Spe<\/em><br>86<\/span> <\/span><\/li><li style="clear: both"><\/li><\/ul>
|-start|p2a: Rotoghold|typechange|Ghost\/Steel|[silent]
|raw|<ul class="utilichart"><li class="result"><span class="col pokemonnamecol" style="white-space: nowrap">Rotoghold<\/span> <span class="col typecol"><img src="https:\/\/play.pokemonshowdown.com\/sprites\/types\/Ghost.png" alt="Ghost" height="14" width="32"><img src="https:\/\/play.pokemonshowdown.com\/sprites\/types\/Steel.png" alt="Steel" height="14" width="32"><\/span> <span style="float: left ; min-height: 26px"><span class="col abilitycol">Holy Grail<\/span><span class="col abilitycol"><\/span><\/span><\/li><li style="clear: both"><\/li><\/ul>
|raw|<ul class="utilichart"><li class="result"><span style="float: left ; min-height: 26px"><span class="col statcol"><em>HP<\/em><br>70<\/span> <span class="col statcol"><em>Atk<\/em><br>55<\/span> <span class="col statcol"><em>Def<\/em><br>87<\/span> <span class="col statcol"><em>SpA<\/em><br>115<\/span> <span class="col statcol"><em>SpD<\/em><br>85<\/span> <span class="col statcol"><em>Spe<\/em><br>93<\/span> <\/span><\/li><li style="clear: both"><\/li><\/ul>
|turn|1
|
|t:|1686330219
|switch|p2a: Drampiclus|Drampiclus, F|100\/100
|-start|p2a: Drampiclus|typechange|Dragon\/Psychic|[silent]
|raw|<ul class="utilichart"><li class="result"><span class="col pokemonnamecol" style="white-space: nowrap">Drampiclus<\/span> <span class="col typecol"><img src="https:\/\/play.pokemonshowdown.com\/sprites\/types\/Dragon.png" alt="Dragon" height="14" width="32"><img src="https:\/\/play.pokemonshowdown.com\/sprites\/types\/Psychic.png" alt="Psychic" height="14" width="32"><\/span> <span style="float: left ; min-height: 26px"><span class="col abilitycol">Regain Patience<\/span><span class="col abilitycol"><\/span><\/span><\/li><li style="clear: both"><\/li><\/ul>
|raw|<ul class="utilichart"><li class="result"><span style="float: left ; min-height: 26px"><span class="col statcol"><em>HP<\/em><br>105<\/span> <span class="col statcol"><em>Atk<\/em><br>62<\/span> <span class="col statcol"><em>Def<\/em><br>80<\/span> <span class="col statcol"><em>SpA<\/em><br>130<\/span> <span class="col statcol"><em>SpD<\/em><br>90<\/span> <span class="col statcol"><em>Spe<\/em><br>33<\/span> <\/span><\/li><li style="clear: both"><\/li><\/ul>
|move|p1a: Iron Dirge|Stealth Rock|p2a: Drampiclus
|-sidestart|p2: zxgzxg|move: Stealth Rock
|
|upkeep
|turn|2
|j|+Xrn
|
|t:|1686330228
|switch|p1a: Slither King|Slither King, F|100\/100
|-start|p1a: Slither King|typechange|Bug\/Steel|[silent]
|raw|<ul class="utilichart"><li class="result"><span class="col pokemonnamecol" style="white-space: nowrap">Slither King<\/span> <span class="col typecol"><img src="https:\/\/play.pokemonshowdown.com\/sprites\/types\/Bug.png" alt="Bug" height="14" width="32"><img src="https:\/\/play.pokemonshowdown.com\/sprites\/types\/Steel.png" alt="Steel" height="14" width="32"><\/span> <span style="float: left ; min-height: 26px"><span class="col abilitycol">Opening Act<\/span><span class="col abilitycol"><\/span><\/span><\/li><li style="clear: both"><\/li><\/ul>
|raw|<ul class="utilichart"><li class="result"><span style="float: left ; min-height: 26px"><span class="col statcol"><em>HP<\/em><br>79<\/span> <span class="col statcol"><em>Atk<\/em><br>107<\/span> <span class="col statcol"><em>Def<\/em><br>85<\/span> <span class="col statcol"><em>SpA<\/em><br>83<\/span> <span class="col statcol"><em>SpD<\/em><br>97<\/span> <span class="col statcol"><em>Spe<\/em><br>79<\/span> <\/span><\/li><li style="clear: both"><\/li><\/ul>
|move|p2a: Drampiclus|Future Sight|p1a: Slither King
|-start|p2a: Drampiclus|move: Future Sight
|
|upkeep
|turn|3
|c|+Xrn|Go z strats
|
|t:|1686330235
|switch|p2a: Stargrowth|Stargrowth, F|100\/100
|-start|p2a: Stargrowth|typechange|Grass\/Water|[silent]
|raw|<ul class="utilichart"><li class="result"><span class="col pokemonnamecol" style="white-space: nowrap">Stargrowth<\/span> <span class="col typecol"><img src="https:\/\/play.pokemonshowdown.com\/sprites\/types\/Grass.png" alt="Grass" height="14" width="32"><img src="https:\/\/play.pokemonshowdown.com\/sprites\/types\/Water.png" alt="Water" height="14" width="32"><\/span> <span style="float: left ; min-height: 26px"><span class="col abilitycol">Rejuvenate<\/span><span class="col abilitycol"><\/span><\/span><\/li><li style="clear: both"><\/li><\/ul>
|raw|<ul class="utilichart"><li class="result"><span style="float: left ; min-height: 26px"><span class="col statcol"><em>HP<\/em><br>90<\/span> <span class="col statcol"><em>Atk<\/em><br>90<\/span> <span class="col statcol"><em>Def<\/em><br>105<\/span> <span class="col statcol"><em>SpA<\/em><br>105<\/span> <span class="col statcol"><em>SpD<\/em><br>70<\/span> <span class="col statcol"><em>Spe<\/em><br>85<\/span> <\/span><\/li><li style="clear: both"><\/li><\/ul>
|move|p1a: Slither King|Light Screen|p1a: Slither King
|-sidestart|p1: Z Strats|move: Light Screen
|
|upkeep
|turn|4
|j| Micciu
|
|t:|1686330247
|move|p1a: Slither King|Reflect|p1a: Slither King
|-sidestart|p1: Z Strats|Reflect
|move|p2a: Stargrowth|Rapid Spin|p1a: Slither King
|-resisted|p1a: Slither King
|-damage|p1a: Slither King|99\/100
|-boost|p2a: Stargrowth|spe|1
|-sideend|p2: zxgzxg|Stealth Rock|[from] move: Rapid Spin|[of] p2a: Stargrowth
|
|-end|p1a: Slither King|move: Future Sight
|-resisted|p1a: Slither King
|-damage|p1a: Slither King|71\/100
|upkeep
|turn|5
|
|t:|1686330250
|move|p2a: Stargrowth|Knock Off|p1a: Slither King
|-damage|p1a: Slither King|65\/100
|-enditem|p1a: Slither King|Light Clay|[from] move: Knock Off|[of] p2a: Stargrowth
|move|p1a: Slither King|U-turn|p2a: Stargrowth
|-supereffective|p2a: Stargrowth
|-damage|p2a: Stargrowth|67\/100
|j|+CaoJie
|j| eshe0
|l|+Xrn

|inactive|Battle timer is ON: inactive players will automatically lose when time's up. (requested by zxgzxg)
|j|+Not mossy
|l|+CaoJie
|inactive|Z Strats has 270 seconds left.
|j|+Sticky Fingaa
|l| eshe0
|inactive|Z Strats has 240 seconds left.
|j| eshe0
|j|+Xrn
|
|t:|1686330403
|-end|p1a: Slither King|Opening Act|[silent]
|switch|p1a: Sol Valiant|Sol Valiant, M|100\/100|[from]move: U-turn
|-start|p1a: Sol Valiant|typechange|Dark\/Fairy|[silent]
|raw|<ul class="utilichart"><li class="result"><span class="col pokemonnamecol" style="white-space: nowrap">Sol Valiant<\/span> <span class="col typecol"><img src="https:\/\/play.pokemonshowdown.com\/sprites\/types\/Dark.png" alt="Dark" height="14" width="32"><img src="https:\/\/play.pokemonshowdown.com\/sprites\/types\/Fairy.png" alt="Fairy" height="14" width="32"><\/span> <span style="float: left ; min-height: 26px"><span class="col abilitycol">System Purge<\/span><span class="col abilitycol"><\/span><\/span><\/li><li style="clear: both"><\/li><\/ul>
|raw|<ul class="utilichart"><li class="result"><span style="float: left ; min-height: 26px"><span class="col statcol"><em>HP<\/em><br>70<\/span> <span class="col statcol"><em>Atk<\/em><br>130<\/span> <span class="col statcol"><em>Def<\/em><br>80<\/span> <span class="col statcol"><em>SpA<\/em><br>100<\/span> <span class="col statcol"><em>SpD<\/em><br>60<\/span> <span class="col statcol"><em>Spe<\/em><br>100<\/span> <\/span><\/li><li style="clear: both"><\/li><\/ul>
|
|upkeep
|turn|6
|
|t:|1686330417
|switch|p2a: Slither King|Slither King, F|100\/100
|-start|p2a: Slither King|typechange|Bug\/Steel|[silent]
|raw|<ul class="utilichart"><li class="result"><span class="col pokemonnamecol" style="white-space: nowrap">Slither King<\/span> <span class="col typecol"><img src="https:\/\/play.pokemonshowdown.com\/sprites\/types\/Bug.png" alt="Bug" height="14" width="32"><img src="https:\/\/play.pokemonshowdown.com\/sprites\/types\/Steel.png" alt="Steel" height="14" width="32"><\/span> <span style="float: left ; min-height: 26px"><span class="col abilitycol">Opening Act<\/span><span class="col abilitycol"><\/span><\/span><\/li><li style="clear: both"><\/li><\/ul>
|raw|<ul class="utilichart"><li class="result"><span style="float: left ; min-height: 26px"><span class="col statcol"><em>HP<\/em><br>79<\/span> <span class="col statcol"><em>Atk<\/em><br>107<\/span> <span class="col statcol"><em>Def<\/em><br>85<\/span> <span class="col statcol"><em>SpA<\/em><br>83<\/span> <span class="col statcol"><em>SpD<\/em><br>97<\/span> <span class="col statcol"><em>Spe<\/em><br>79<\/span> <\/span><\/li><li style="clear: both"><\/li><\/ul>
|move|p1a: Sol Valiant|Moonblast|p2a: Slither King
|-resisted|p2a: Slither King
|-damage|p2a: Slither King|87\/100
|
|upkeep
|turn|7
|
|t:|1686330425
|move|p2a: Slither King|Sunny Day|p2a: Slither King
|-weather|SunnyDay
|-activate|p2a: Slither King|ability: Opening Act
|-start|p2a: Slither King|openingactspd
|move|p1a: Sol Valiant|Flamethrower|p2a: Slither King
|-supereffective|p2a: Slither King
|-damage|p2a: Slither King|0 fnt
|faint|p2a: Slither King
|-end|p2a: Slither King|Opening Act|[silent]
|
|-weather|SunnyDay|[upkeep]
|upkeep
|
|t:|1686330430
|switch|p2a: Whimsy Sands|Whimsy Sands, M|100\/100
|-activate|p2a: Whimsy Sands|ability: Once Upon a Time
|-start|p2a: Whimsy Sands|onceuponatimespe
|-start|p2a: Whimsy Sands|typechange|Fairy\/Ground|[silent]
|raw|<ul class="utilichart"><li class="result"><span class="col pokemonnamecol" style="white-space: nowrap">Whimsy Sands<\/span> <span class="col typecol"><img src="https:\/\/play.pokemonshowdown.com\/sprites\/types\/Fairy.png" alt="Fairy" height="14" width="32"><img src="https:\/\/play.pokemonshowdown.com\/sprites\/types\/Ground.png" alt="Ground" height="14" width="32"><\/span> <span style="float: left ; min-height: 26px"><span class="col abilitycol">Once Upon a Time<\/span><span class="col abilitycol"><\/span><\/span><\/li><li style="clear: both"><\/li><\/ul>
|raw|<ul class="utilichart"><li class="result"><span style="float: left ; min-height: 26px"><span class="col statcol"><em>HP<\/em><br>75<\/span> <span class="col statcol"><em>Atk<\/em><br>75<\/span> <span class="col statcol"><em>Def<\/em><br>91<\/span> <span class="col statcol"><em>SpA<\/em><br>109<\/span> <span class="col statcol"><em>SpD<\/em><br>81<\/span> <span class="col statcol"><em>Spe<\/em><br>109<\/span> <\/span><\/li><li style="clear: both"><\/li><\/ul>
|turn|8
|c|+Not mossy|fucking sun
|c|☆zxgzxg|sucking fun
|c| eshe0|language
|c|+Sticky Fingaa|ducking sun
|inactive|Z Strats has 270 seconds left.
|l|+Not mossy
|
|t:|1686330484
|-end|p1a: Sol Valiant|System Purge|[silent]
|switch|p1a: Iron Meta|Iron Meta|100\/100
|-start|p1a: Iron Meta|typechange|Steel\/Flying|[silent]
|raw|<ul class="utilichart"><li class="result"><span class="col pokemonnamecol" style="white-space: nowrap">Iron Meta<\/span> <span class="col typecol"><img src="https:\/\/play.pokemonshowdown.com\/sprites\/types\/Steel.png" alt="Steel" height="14" width="32"><img src="https:\/\/play.pokemonshowdown.com\/sprites\/types\/Flying.png" alt="Flying" height="14" width="32"><\/span> <span style="float: left ; min-height: 26px"><span class="col abilitycol">Light Drive<\/span><span class="col abilitycol"><\/span><\/span><\/li><li style="clear: both"><\/li><\/ul>
|raw|<ul class="utilichart"><li class="result"><span style="float: left ; min-height: 26px"><span class="col statcol"><em>HP<\/em><br>90<\/span> <span class="col statcol"><em>Atk<\/em><br>110<\/span> <span class="col statcol"><em>Def<\/em><br>110<\/span> <span class="col statcol"><em>SpA<\/em><br>110<\/span> <span class="col statcol"><em>SpD<\/em><br>90<\/span> <span class="col statcol"><em>Spe<\/em><br>90<\/span> <\/span><\/li><li style="clear: both"><\/li><\/ul>
|move|p2a: Whimsy Sands|Moonblast|p1a: Iron Meta
|-resisted|p1a: Iron Meta
|-damage|p1a: Iron Meta|73\/100
|-unboost|p1a: Iron Meta|spa|1
|-damage|p2a: Whimsy Sands|91\/100|[from] item: Life Orb
|
|-weather|SunnyDay|[upkeep]
|upkeep
|turn|9
|inactive|Z Strats has 240 seconds left.
|
|t:|1686330513
|-end|p1a: Iron Meta|Light Drive|[silent]
|switch|p1a: Iron Dirge|Iron Dirge, M|100\/100
|-start|p1a: Iron Dirge|typechange|Fire\/Ground|[silent]
|move|p2a: Whimsy Sands|Thunderbolt|p1a: Iron Dirge
|-immune|p1a: Iron Dirge
|
|-weather|SunnyDay|[upkeep]
|upkeep
|turn|10
|inactive|Z Strats has 240 seconds left.
|j| Mossy Sandwich
|
|t:|1686330535
|move|p2a: Whimsy Sands|Earth Power|p1a: Iron Dirge
|-supereffective|p1a: Iron Dirge
|-enditem|p1a: Iron Dirge|Focus Sash
|-damage|p1a: Iron Dirge|1\/100
|-unboost|p1a: Iron Dirge|spd|1
|-damage|p2a: Whimsy Sands|81\/100|[from] item: Life Orb
|move|p1a: Iron Dirge|Flare Blitz|p2a: Whimsy Sands
|-damage|p2a: Whimsy Sands|0 fnt
|-damage|p1a: Iron Dirge|0 fnt|[from] Recoil
|faint|p2a: Whimsy Sands
|-end|p2a: Whimsy Sands|Once Upon a Time|[silent]
|faint|p1a: Iron Dirge
|
|-weather|SunnyDay|[upkeep]
|-sideend|p1: Z Strats|move: Light Screen
|upkeep
|
|t:|1686330560
|switch|p2a: Roaring Sal|Roaring Sal, F|100\/100
|switch|p1a: Sol Valiant|Sol Valiant, M|100\/100
|-activate|p2a: Roaring Sal|ability: Primitive
|-start|p2a: Roaring Sal|primitiveatk
|-start|p2a: Roaring Sal|typechange|Fire\/Dark|[silent]
|raw|<ul class="utilichart"><li class="result"><span class="col pokemonnamecol" style="white-space: nowrap">Roaring Sal<\/span> <span class="col typecol"><img src="https:\/\/play.pokemonshowdown.com\/sprites\/types\/Fire.png" alt="Fire" height="14" width="32"><img src="https:\/\/play.pokemonshowdown.com\/sprites\/types\/Dark.png" alt="Dark" height="14" width="32"><\/span> <span style="float: left ; min-height: 26px"><span class="col abilitycol">Primitive<\/span><span class="col abilitycol"><\/span><\/span><\/li><li style="clear: both"><\/li><\/ul>
|raw|<ul class="utilichart"><li class="result"><span style="float: left ; min-height: 26px"><span class="col statcol"><em>HP<\/em><br>90<\/span> <span class="col statcol"><em>Atk<\/em><br>110<\/span> <span class="col statcol"><em>Def<\/em><br>65<\/span> <span class="col statcol"><em>SpA<\/em><br>85<\/span> <span class="col statcol"><em>SpD<\/em><br>80<\/span> <span class="col statcol"><em>Spe<\/em><br>120<\/span> <\/span><\/li><li style="clear: both"><\/li><\/ul>
|-start|p1a: Sol Valiant|typechange|Dark\/Fairy|[silent]
|turn|11
|
|t:|1686330569
|move|p2a: Roaring Sal|Fire Lash|p1a: Sol Valiant
|-damage|p1a: Sol Valiant|7\/100
|-unboost|p1a: Sol Valiant|def|1
|move|p1a: Sol Valiant|Stone Edge|p2a: Roaring Sal
|-supereffective|p2a: Roaring Sal
|-damage|p2a: Roaring Sal|0 fnt
|faint|p2a: Roaring Sal
|-end|p2a: Roaring Sal|Primitive|[silent]
|
|-weather|SunnyDay|[upkeep]
|-sideend|p1: Z Strats|Reflect
|upkeep
|
|t:|1686330578
|switch|p2a: Stargrowth|Stargrowth, F|99\/100
|-start|p2a: Stargrowth|typechange|Grass\/Water|[silent]
|turn|12
|
|t:|1686330591
|-end|p1a: Sol Valiant|System Purge|[silent]
|switch|p1a: Slither King|Slither King, F|65\/100
|-activate|p1a: Slither King|ability: Opening Act
|-start|p1a: Slither King|openingactdef
|-start|p1a: Slither King|typechange|Bug\/Steel|[silent]
|move|p2a: Stargrowth|Giga Drain|p1a: Slither King
|-resisted|p1a: Slither King
|-damage|p1a: Slither King|59\/100
|-heal|p2a: Stargrowth|100\/100|[from] drain|[of] p1a: Slither King
|
|-weather|SunnyDay|[upkeep]
|upkeep
|turn|13
|
|t:|1686330601
|switch|p2a: Rotoghold|Rotoghold|100\/100
|-start|p2a: Rotoghold|typechange|Ghost\/Steel|[silent]
|move|p1a: Slither King|Light Screen|p1a: Slither King
|-sidestart|p1: Z Strats|move: Light Screen
|
|-weather|SunnyDay|[upkeep]
|upkeep
|turn|14
|j|+XenonHero126
|
|t:|1686330611
|move|p2a: Rotoghold|Will-O-Wisp|p1a: Slither King
|-status|p1a: Slither King|brn
|move|p1a: Slither King|U-turn|p2a: Rotoghold
|-resisted|p2a: Rotoghold
|-damage|p2a: Rotoghold|97\/100
|l| Mossy Sandwich
|c|+Xrn|!dt opening act
|raw|<ul class="utilichart"><li class="result"><span class="col namecol"><a href="https:\/\/dex.pokemonshowdown.com\/abilities\/openingact">Opening Act<\/a><\/span> <span class="col abilitydesccol">Protosynthesis + Prankster<\/span> <\/li><li style="clear:both"><\/li><\/ul>
|raw|<font size="1"><font color="#686868">Gen:<\/font> 0&nbsp;|&ThickSpace;&#10003; Not affected by Gastro Acid<\/font>

|c|+Xrn|Tpp
|
|t:|1686330621
|-end|p1a: Slither King|Opening Act|[silent]
|switch|p1a: Roaring Sal|Roaring Sal, F|100\/100|[from]move: U-turn
|-activate|p1a: Roaring Sal|ability: Primitive
|-start|p1a: Roaring Sal|primitivespe
|-start|p1a: Roaring Sal|typechange|Fire\/Dark|[silent]
|raw|<ul class="utilichart"><li class="result"><span class="col pokemonnamecol" style="white-space: nowrap">Roaring Sal<\/span> <span class="col typecol"><img src="https:\/\/play.pokemonshowdown.com\/sprites\/types\/Fire.png" alt="Fire" height="14" width="32"><img src="https:\/\/play.pokemonshowdown.com\/sprites\/types\/Dark.png" alt="Dark" height="14" width="32"><\/span> <span style="float: left ; min-height: 26px"><span class="col abilitycol">Primitive<\/span><span class="col abilitycol"><\/span><\/span><\/li><li style="clear: both"><\/li><\/ul>
|raw|<ul class="utilichart"><li class="result"><span style="float: left ; min-height: 26px"><span class="col statcol"><em>HP<\/em><br>90<\/span> <span class="col statcol"><em>Atk<\/em><br>110<\/span> <span class="col statcol"><em>Def<\/em><br>65<\/span> <span class="col statcol"><em>SpA<\/em><br>85<\/span> <span class="col statcol"><em>SpD<\/em><br>80<\/span> <span class="col statcol"><em>Spe<\/em><br>120<\/span> <\/span><\/li><li style="clear: both"><\/li><\/ul>
|
|-weather|none
|-heal|p2a: Rotoghold|100\/100|[from] item: Leftovers
|upkeep
|-enditem|p1a: Roaring Sal|Booster Energy
|-end|p1a: Roaring Sal|Primitive
|-activate|p1a: Roaring Sal|ability: Primitive|[fromitem]
|-start|p1a: Roaring Sal|primitivespe
|turn|15
|j|+Not mossy
|
|t:|1686330629
|move|p1a: Roaring Sal|Nasty Plot|p1a: Roaring Sal
|-boost|p1a: Roaring Sal|spa|2
|move|p2a: Rotoghold|Volt Switch|p1a: Roaring Sal
|-damage|p1a: Roaring Sal|90\/100
|
|t:|1686330633
|switch|p2a: Drampiclus|Drampiclus, F|100\/100|[from]move: Volt Switch
|-start|p2a: Drampiclus|typechange|Dragon\/Psychic|[silent]
|
|upkeep
|turn|16
|
|t:|1686330638
|move|p1a: Roaring Sal|Dark Pulse|p2a: Drampiclus
|-supereffective|p2a: Drampiclus
|-damage|p2a: Drampiclus|28\/100
|-ability|p2a: Drampiclus|Regain Patience|boost
|-boost|p2a: Drampiclus|spa|1
|move|p2a: Drampiclus|Focus Blast|p1a: Roaring Sal|[miss]
|-miss|p2a: Drampiclus|p1a: Roaring Sal
|
|upkeep
|turn|17
|c|☆zxgzxg|ah
|c|☆zxgzxg|gg
|
|t:|1686330648
|move|p1a: Roaring Sal|Dark Pulse|p2a: Drampiclus
|-supereffective|p2a: Drampiclus
|-damage|p2a: Drampiclus|0 fnt
|faint|p2a: Drampiclus
|
|-sideend|p1: Z Strats|move: Light Screen
|upkeep
|
|t:|1686330650
|switch|p2a: Rotoghold|Rotoghold|100\/100
|-start|p2a: Rotoghold|typechange|Ghost\/Steel|[silent]
|turn|18
|
|t:|1686330653
|move|p1a: Roaring Sal|Dark Pulse|p2a: Rotoghold
|-supereffective|p2a: Rotoghold
|-damage|p2a: Rotoghold|0 fnt
|faint|p2a: Rotoghold
|
|upkeep
|
|t:|1686330656
|switch|p2a: Stargrowth|Stargrowth, F|100\/100
|-start|p2a: Stargrowth|typechange|Grass\/Water|[silent]
|turn|19
|
|t:|1686330661
|move|p1a: Roaring Sal|Dark Pulse|p2a: Stargrowth
|-damage|p2a: Stargrowth|20\/100
|cant|p2a: Stargrowth|flinch
|
|upkeep
|turn|20
|
|t:|1686330667
|move|p1a: Roaring Sal|Dark Pulse|p2a: Stargrowth
|-damage|p2a: Stargrowth|0 fnt
|faint|p2a: Stargrowth
|
|win|Z Strats
|c|☆Z Strats|gg
|l|+Not mossy
|l|+XenonHero126
|l| Micciu
|l|☆zxgzxg
|l|+Xrn</script>
</div>
<div class="battle-log battle-log-inline"><div class="inner"><div class="battle-options"><div style="padding-top: 3px; padding-right: 3px; text-align: right"><button class="icon button" name="openBattleOptions" title="Options">Battle Options</button></div></div><div class="inner message-log"><div class="chat"><small>☆Z Strats and ☆zxgzxg joined</small></div><div class=""><small>Format:</small> <br><strong>[Gen 8] Fusion Evolution Gen 9</strong></div><div class=""><small><em>HP Percentage Mod:</em> HP is shown in percentages</small></div><div class=""><small><em>Endless Battle Clause:</em> Forcing endless battles is banned</small></div><div class=""><small><em>OHKO Clause:</em> OHKO moves are banned</small></div><div class=""><small><em>Evasion Moves Clause:</em> Evasion moves are banned</small></div><div class=""><small><em>Species Clause:</em> Limit one of each Pokémon</small></div><div class=""><small><em>Dynamax Clause:</em> You cannot dynamax</small></div><div class=""><small><em>Sleep Clause Mod:</em> Limit one foe put to sleep</small></div><div class=""><small><em>Z-Move Clause:</em> Z-Moves are banned</small></div><div class="chat battle-history"><strong>Z Strats's team:</strong> <em style="color:#445566;display:block;">Iron Meta / Slither King / Sol Valiant / Iron Dirge / Iron Mimic / Roaring Sal</em></div><div class="chat battle-history"><strong>zxgzxg's team:</strong> <em style="color:#445566;display:block;">Roaring Sal / Stargrowth / Rotoghold / Slither King / Drampiclus / Whimsy Sands</em></div><div class="chat chatmessage-zxgzxg"><strong style="color:#8f19ef"><small>☆</small><span class="username" data-name="zxgzxg">zxgzxg</span>:</strong> <em>glhf</em></div><div class="chat chatmessage-zstrats"><strong style="color:#6277bc"><small>☆</small><span class="username" data-name="Z Strats">Z Strats</span>:</strong> <em>hf</em></div><div class="spacer battle-history"><br></div><div class="battle-history">Battle started between Z Strats and zxgzxg!<br></div><div class="spacer battle-history"><br></div><div class="battle-history">Go! <strong>Iron Dirge</strong>!<br></div><div class="spacer battle-history"><br></div><div class="battle-history">zxgzxg sent out <strong>Rotoghold</strong>!<br></div><div class="chat"><ul class="utilichart"><li class="result"><span class="col pokemonnamecol" style="white-space: nowrap">Iron Dirge</span> <span class="col typecol"><img src="https://play.pokemonshowdown.com/sprites/types/Fire.png" alt="Fire" height="14" width="32"><img src="https://play.pokemonshowdown.com/sprites/types/Ground.png" alt="Ground" height="14" width="32"></span> <span style="float: left ; min-height: 26px"><span class="col abilitycol">Dyschronometria</span><span class="col abilitycol"></span></span></li><li style="clear: both"></li></ul></div><div class="chat"><ul class="utilichart"><li class="result"><span style="float: left ; min-height: 26px"><span class="col statcol"><em>HP</em><br>98</span> <span class="col statcol"><em>Atk</em><br>96</span> <span class="col statcol"><em>Def</em><br>110</span> <span class="col statcol"><em>SpA</em><br>96</span> <span class="col statcol"><em>SpD</em><br>74</span> <span class="col statcol"><em>Spe</em><br>86</span> </span></li><li style="clear: both"></li></ul></div><div class="chat"><ul class="utilichart"><li class="result"><span class="col pokemonnamecol" style="white-space: nowrap">Rotoghold</span> <span class="col typecol"><img src="https://play.pokemonshowdown.com/sprites/types/Ghost.png" alt="Ghost" height="14" width="32"><img src="https://play.pokemonshowdown.com/sprites/types/Steel.png" alt="Steel" height="14" width="32"></span> <span style="float: left ; min-height: 26px"><span class="col abilitycol">Holy Grail</span><span class="col abilitycol"></span></span></li><li style="clear: both"></li></ul></div><div class="chat"><ul class="utilichart"><li class="result"><span style="float: left ; min-height: 26px"><span class="col statcol"><em>HP</em><br>70</span> <span class="col statcol"><em>Atk</em><br>55</span> <span class="col statcol"><em>Def</em><br>87</span> <span class="col statcol"><em>SpA</em><br>115</span> <span class="col statcol"><em>SpD</em><br>85</span> <span class="col statcol"><em>Spe</em><br>93</span> </span></li><li style="clear: both"></li></ul></div><div class="spacer battle-history"><br></div><h2 class="battle-history">Turn 1</h2><div class="spacer battle-history"><br></div><div class="battle-history">zxgzxg withdrew Rotoghold!<br></div><div class="battle-history">zxgzxg sent out <strong>Drampiclus</strong>!<br></div><div class="chat"><ul class="utilichart"><li class="result"><span class="col pokemonnamecol" style="white-space: nowrap">Drampiclus</span> <span class="col typecol"><img src="https://play.pokemonshowdown.com/sprites/types/Dragon.png" alt="Dragon" height="14" width="32"><img src="https://play.pokemonshowdown.com/sprites/types/Psychic.png" alt="Psychic" height="14" width="32"></span> <span style="float: left ; min-height: 26px"><span class="col abilitycol">Regain Patience</span><span class="col abilitycol"></span></span></li><li style="clear: both"></li></ul></div><div class="chat"><ul class="utilichart"><li class="result"><span style="float: left ; min-height: 26px"><span class="col statcol"><em>HP</em><br>105</span> <span class="col statcol"><em>Atk</em><br>62</span> <span class="col statcol"><em>Def</em><br>80</span> <span class="col statcol"><em>SpA</em><br>130</span> <span class="col statcol"><em>SpD</em><br>90</span> <span class="col statcol"><em>Spe</em><br>33</span> </span></li><li style="clear: both"></li></ul></div><div class="spacer battle-history"><br></div><div class="battle-history">Iron Dirge used <strong>Stealth Rock</strong>!<br></div><div class="battle-history"><small>Pointed stones float in the air around the opposing team!</small><br></div><div class="spacer battle-history"><br></div><h2 class="battle-history">Turn 2</h2><div class="chat"><small>+Xrn joined</small></div><div class="spacer battle-history"><br></div><div class="battle-history">Iron Dirge, come back!<br></div><div class="battle-history">Go! <strong>Slither King</strong>!<br></div><div class="chat"><ul class="utilichart"><li class="result"><span class="col pokemonnamecol" style="white-space: nowrap">Slither King</span> <span class="col typecol"><img src="https://play.pokemonshowdown.com/sprites/types/Bug.png" alt="Bug" height="14" width="32"><img src="https://play.pokemonshowdown.com/sprites/types/Steel.png" alt="Steel" height="14" width="32"></span> <span style="float: left ; min-height: 26px"><span class="col abilitycol">Opening Act</span><span class="col abilitycol"></span></span></li><li style="clear: both"></li></ul></div><div class="chat"><ul class="utilichart"><li class="result"><span style="float: left ; min-height: 26px"><span class="col statcol"><em>HP</em><br>79</span> <span class="col statcol"><em>Atk</em><br>107</span> <span class="col statcol"><em>Def</em><br>85</span> <span class="col statcol"><em>SpA</em><br>83</span> <span class="col statcol"><em>SpD</em><br>97</span> <span class="col statcol"><em>Spe</em><br>79</span> </span></li><li style="clear: both"></li></ul></div><div class="spacer battle-history"><br></div><div class="battle-history">The opposing Drampiclus used <strong>Future Sight</strong>!<br></div><div class="battle-history"><small>The opposing Drampiclus foresaw an attack!</small><br></div><div class="spacer battle-history"><br></div><h2 class="battle-history">Turn 3</h2><div class="chat chatmessage-xrn"><strong style="color:#0f9c32"><small>+</small><span class="username" data-name="Xrn">Xrn</span>:</strong> <em>Go z strats</em></div><div class="spacer battle-history"><br></div><div class="battle-history">zxgzxg withdrew Drampiclus!<br></div><div class="battle-history">zxgzxg sent out <strong>Stargrowth</strong>!<br></div><div class="chat"><ul class="utilichart"><li class="result"><span class="col pokemonnamecol" style="white-space: nowrap">Stargrowth</span> <span class="col typecol"><img src="https://play.pokemonshowdown.com/sprites/types/Grass.png" alt="Grass" height="14" width="32"><img src="https://play.pokemonshowdown.com/sprites/types/Water.png" alt="Water" height="14" width="32"></span> <span style="float: left ; min-height: 26px"><span class="col abilitycol">Rejuvenate</span><span class="col abilitycol"></span></span></li><li style="clear: both"></li></ul></div><div class="chat"><ul class="utilichart"><li class="result"><span style="float: left ; min-height: 26px"><span class="col statcol"><em>HP</em><br>90</span> <span class="col statcol"><em>Atk</em><br>90</span> <span class="col statcol"><em>Def</em><br>105</span> <span class="col statcol"><em>SpA</em><br>105</span> <span class="col statcol"><em>SpD</em><br>70</span> <span class="col statcol"><em>Spe</em><br>85</span> </span></li><li style="clear: both"></li></ul></div><div class="spacer battle-history"><br></div><div class="battle-history">Slither King used <strong>Light Screen</strong>!<br></div><div class="battle-history"><small>Light Screen made your team stronger against special moves!</small><br></div><div class="spacer battle-history"><br></div><h2 class="battle-history">Turn 4</h2><div class="chat"><small> Micciu joined</small></div><div class="spacer battle-history"><br></div><div class="battle-history">Slither King used <strong>Reflect</strong>!<br></div><div class="battle-history"><small>Reflect made your team stronger against physical moves!</small><br></div><div class="spacer battle-history"><br></div><div class="battle-history">The opposing Stargrowth used <strong>Rapid Spin</strong>!<br></div><div class="battle-history"><small>It's not very effective...</small><br></div><div class="battle-history"><small>(Slither King lost 1% of its health!)</small><br></div><div class="battle-history"><small>The opposing Stargrowth's Speed rose!</small><br></div><div class="battle-history"><small>The pointed stones disappeared from around the opposing team!</small><br></div><div class="spacer battle-history"><br></div><div class="battle-history"><small>Slither King took the Future Sight attack!</small><br></div><div class="battle-history"><small>It's not very effective...</small><br></div><div class="battle-history"><small>(Slither King lost 28% of its health!)</small><br></div><div class="spacer battle-history"><br></div><h2 class="battle-history">Turn 5</h2><div class="spacer battle-history"><br></div><div class="battle-history">The opposing Stargrowth used <strong>Knock Off</strong>!<br></div><div class="battle-history"><small>(Slither King lost 6% of its health!)</small><br></div><div class="battle-history"><small>The opposing Stargrowth knocked off Slither King's Light Clay!</small><br></div><div class="spacer battle-history"><br></div><div class="battle-history">Slither King used <strong>U-turn</strong>!<br></div><div class="battle-history"><small>It's super effective!</small><br></div><div class="battle-history"><small>(The opposing Stargrowth lost 33% of its health!)</small><br></div><div class="chat"><small>+CaoJie and  eshe0 joined; +Xrn left</small></div><div class="chat message-error">Battle timer is ON: inactive players will automatically lose when time's up. (requested by zxgzxg)</div><div class="chat"><small>+Not mossy joined; +CaoJie left</small></div><div class="chat message-error">Z Strats has 270 seconds left.</div><div class="chat"><small>+Sticky Fingaa joined;  eshe0 left</small></div><div class="chat message-error">Z Strats has 240 seconds left.</div><div class="chat"><small> eshe0 and +Xrn joined</small></div><div class="spacer battle-history"><br></div><div class="battle-history">Slither King went back to Z Strats!<br></div><div class="battle-history">Go! <strong>Sol Valiant</strong>!<br></div><div class="chat"><ul class="utilichart"><li class="result"><span class="col pokemonnamecol" style="white-space: nowrap">Sol Valiant</span> <span class="col typecol"><img src="https://play.pokemonshowdown.com/sprites/types/Dark.png" alt="Dark" height="14" width="32"><img src="https://play.pokemonshowdown.com/sprites/types/Fairy.png" alt="Fairy" height="14" width="32"></span> <span style="float: left ; min-height: 26px"><span class="col abilitycol">System Purge</span><span class="col abilitycol"></span></span></li><li style="clear: both"></li></ul></div><div class="chat"><ul class="utilichart"><li class="result"><span style="float: left ; min-height: 26px"><span class="col statcol"><em>HP</em><br>70</span> <span class="col statcol"><em>Atk</em><br>130</span> <span class="col statcol"><em>Def</em><br>80</span> <span class="col statcol"><em>SpA</em><br>100</span> <span class="col statcol"><em>SpD</em><br>60</span> <span class="col statcol"><em>Spe</em><br>100</span> </span></li><li style="clear: both"></li></ul></div><div class="spacer battle-history"><br></div><h2 class="battle-history">Turn 6</h2><div class="spacer battle-history"><br></div><div class="battle-history">zxgzxg withdrew Stargrowth!<br></div><div class="battle-history">zxgzxg sent out <strong>Slither King</strong>!<br></div><div class="chat"><ul class="utilichart"><li class="result"><span class="col pokemonnamecol" style="white-space: nowrap">Slither King</span> <span class="col typecol"><img src="https://play.pokemonshowdown.com/sprites/types/Bug.png" alt="Bug" height="14" width="32"><img src="https://play.pokemonshowdown.com/sprites/types/Steel.png" alt="Steel" height="14" width="32"></span> <span style="float: left ; min-height: 26px"><span class="col abilitycol">Opening Act</span><span class="col abilitycol"></span></span></li><li style="clear: both"></li></ul></div><div class="chat"><ul class="utilichart"><li class="result"><span style="float: left ; min-height: 26px"><span class="col statcol"><em>HP</em><br>79</span> <span class="col statcol"><em>Atk</em><br>107</span> <span class="col statcol"><em>Def</em><br>85</span> <span class="col statcol"><em>SpA</em><br>83</span> <span class="col statcol"><em>SpD</em><br>97</span> <span class="col statcol"><em>Spe</em><br>79</span> </span></li><li style="clear: both"></li></ul></div><div class="spacer battle-history"><br></div><div class="battle-history">Sol Valiant used <strong>Moonblast</strong>!<br></div><div class="battle-history"><small>It's not very effective...</small><br></div><div class="battle-history"><small>(The opposing Slither King lost 13% of its health!)</small><br></div><div class="spacer battle-history"><br></div><h2 class="battle-history">Turn 7</h2><div class="spacer battle-history"><br></div><div class="battle-history">The opposing Slither King used <strong>Sunny Day</strong>!<br></div><div class="battle-history"><small>The sunlight turned harsh!</small><br></div><div class="battle-history">[The opposing Slither King's Opening Act]<br></div><div class="battle-history"><small>(openingactspd started on the opposing Slither King!)</small><br></div><div class="spacer battle-history"><br></div><div class="battle-history">Sol Valiant used <strong>Flamethrower</strong>!<br></div><div class="battle-history"><small>It's super effective!</small><br></div><div class="battle-history"><small>(The opposing Slither King lost 87% of its health!)</small><br></div><div class="spacer battle-history"><br></div><div class="battle-history">The opposing Slither King fainted!<br></div><div class="spacer battle-history"><br></div><div class="battle-history"><small>(The sunlight is strong.)</small><br></div><div class="spacer battle-history"><br></div><div class="battle-history">zxgzxg sent out <strong>Whimsy Sands</strong>!<br></div><div class="battle-history">[The opposing Whimsy Sands's Once Upon a Time]<br></div><div class="battle-history"><small>(onceuponatimespe started on the opposing Whimsy Sands!)</small><br></div><div class="chat"><ul class="utilichart"><li class="result"><span class="col pokemonnamecol" style="white-space: nowrap">Whimsy Sands</span> <span class="col typecol"><img src="https://play.pokemonshowdown.com/sprites/types/Fairy.png" alt="Fairy" height="14" width="32"><img src="https://play.pokemonshowdown.com/sprites/types/Ground.png" alt="Ground" height="14" width="32"></span> <span style="float: left ; min-height: 26px"><span class="col abilitycol">Once Upon a Time</span><span class="col abilitycol"></span></span></li><li style="clear: both"></li></ul></div><div class="chat"><ul class="utilichart"><li class="result"><span style="float: left ; min-height: 26px"><span class="col statcol"><em>HP</em><br>75</span> <span class="col statcol"><em>Atk</em><br>75</span> <span class="col statcol"><em>Def</em><br>91</span> <span class="col statcol"><em>SpA</em><br>109</span> <span class="col statcol"><em>SpD</em><br>81</span> <span class="col statcol"><em>Spe</em><br>109</span> </span></li><li style="clear: both"></li></ul></div><div class="spacer battle-history"><br></div><h2 class="battle-history">Turn 8</h2><div class="chat chatmessage-notmossy"><strong style="color:#3f7abe"><small>+</small><span class="username" data-name="Not mossy">Not mossy</span>:</strong> <em>fucking sun</em></div><div class="chat chatmessage-zxgzxg"><strong style="color:#8f19ef"><small>☆</small><span class="username" data-name="zxgzxg">zxgzxg</span>:</strong> <em>sucking fun</em></div><div class="chat chatmessage-eshe0"><strong style="color:#af952c"><small> </small><span class="username" data-name="eshe0">eshe0</span>:</strong> <em>language</em></div><div class="chat chatmessage-stickyfingaa"><strong style="color:#e76311"><small>+</small><span class="username" data-name="Sticky Fingaa">Sticky Fingaa</span>:</strong> <em>ducking sun</em></div><div class="chat message-error">Z Strats has 270 seconds left.</div><div class="chat"><small>+Not mossy left</small></div><div class="spacer battle-history"><br></div><div class="battle-history">Sol Valiant, come back!<br></div><div class="battle-history">Go! <strong>Iron Meta</strong>!<br></div><div class="chat"><ul class="utilichart"><li class="result"><span class="col pokemonnamecol" style="white-space: nowrap">Iron Meta</span> <span class="col typecol"><img src="https://play.pokemonshowdown.com/sprites/types/Steel.png" alt="Steel" height="14" width="32"><img src="https://play.pokemonshowdown.com/sprites/types/Flying.png" alt="Flying" height="14" width="32"></span> <span style="float: left ; min-height: 26px"><span class="col abilitycol">Light Drive</span><span class="col abilitycol"></span></span></li><li style="clear: both"></li></ul></div><div class="chat"><ul class="utilichart"><li class="result"><span style="float: left ; min-height: 26px"><span class="col statcol"><em>HP</em><br>90</span> <span class="col statcol"><em>Atk</em><br>110</span> <span class="col statcol"><em>Def</em><br>110</span> <span class="col statcol"><em>SpA</em><br>110</span> <span class="col statcol"><em>SpD</em><br>90</span> <span class="col statcol"><em>Spe</em><br>90</span> </span></li><li style="clear: both"></li></ul></div><div class="spacer battle-history"><br></div><div class="battle-history">The opposing Whimsy Sands used <strong>Moonblast</strong>!<br></div><div class="battle-history"><small>It's not very effective...</small><br></div><div class="battle-history"><small>(Iron Meta lost 27% of its health!)</small><br></div><div class="battle-history"><small>Iron Meta's Sp. Atk fell!</small><br></div><div class="battle-history"><small>The opposing Whimsy Sands lost some of its HP!</small><br></div><div class="spacer battle-history"><br></div><div class="battle-history"><small>(The sunlight is strong.)</small><br></div><div class="spacer battle-history"><br></div><h2 class="battle-history">Turn 9</h2><div class="chat message-error">Z Strats has 240 seconds left.</div><div class="spacer battle-history"><br></div><div class="battle-history">Iron Meta, come back!<br></div><div class="battle-history">Go! <strong>Iron Dirge</strong>!<br></div><div class="spacer battle-history"><br></div><div class="battle-history">The opposing Whimsy Sands used <strong>Thunderbolt</strong>!<br></div><div class="battle-history"><small>It doesn't affect Iron Dirge...</small><br></div><div class="spacer battle-history"><br></div><div class="battle-history"><small>(The sunlight is strong.)</small><br></div><div class="spacer battle-history"><br></div><h2 class="battle-history">Turn 10</h2><div class="chat message-error">Z Strats has 240 seconds left.</div><div class="chat"><small> Mossy Sandwich joined</small></div><div class="spacer battle-history"><br></div><div class="battle-history">The opposing Whimsy Sands used <strong>Earth Power</strong>!<br></div><div class="battle-history"><small>It's super effective!</small><br></div><div class="battle-history"><small>Iron Dirge hung on using its Focus Sash!</small><br></div><div class="battle-history"><small>(Iron Dirge lost 99% of its health!)</small><br></div><div class="battle-history"><small>Iron Dirge's Sp. Def fell!</small><br></div><div class="battle-history"><small>The opposing Whimsy Sands lost some of its HP!</small><br></div><div class="spacer battle-history"><br></div><div class="battle-history">Iron Dirge used <strong>Flare Blitz</strong>!<br></div><div class="battle-history"><small>(The opposing Whimsy Sands lost 81% of its health!)</small><br></div><div class="battle-history"><small>Iron Dirge was damaged by the recoil!</small><br></div><div class="spacer battle-history"><br></div><div class="battle-history">The opposing Whimsy Sands fainted!<br></div><div class="spacer battle-history"><br></div><div class="battle-history">Iron Dirge fainted!<br></div><div class="spacer battle-history"><br></div><div class="battle-history"><small>(The sunlight is strong.)</small><br></div><div class="battle-history"><small>Your team's Light Screen wore off!</small><br></div><div class="spacer battle-history"><br></div><div class="battle-history">zxgzxg sent out <strong>Roaring Sal</strong>!<br></div><div class="spacer battle-history"><br></div><div class="battle-history">Go! <strong>Sol Valiant</strong>!<br></div><div class="battle-history">[The opposing Roaring Sal's Primitive]<br></div><div class="battle-history"><small>(primitiveatk started on the opposing Roaring Sal!)</small><br></div><div class="chat"><ul class="utilichart"><li class="result"><span class="col pokemonnamecol" style="white-space: nowrap">Roaring Sal</span> <span class="col typecol"><img src="https://play.pokemonshowdown.com/sprites/types/Fire.png" alt="Fire" height="14" width="32"><img src="https://play.pokemonshowdown.com/sprites/types/Dark.png" alt="Dark" height="14" width="32"></span> <span style="float: left ; min-height: 26px"><span class="col abilitycol">Primitive</span><span class="col abilitycol"></span></span></li><li style="clear: both"></li></ul></div><div class="chat"><ul class="utilichart"><li class="result"><span style="float: left ; min-height: 26px"><span class="col statcol"><em>HP</em><br>90</span> <span class="col statcol"><em>Atk</em><br>110</span> <span class="col statcol"><em>Def</em><br>65</span> <span class="col statcol"><em>SpA</em><br>85</span> <span class="col statcol"><em>SpD</em><br>80</span> <span class="col statcol"><em>Spe</em><br>120</span> </span></li><li style="clear: both"></li></ul></div><div class="spacer battle-history"><br></div><h2 class="battle-history">Turn 11</h2><div class="spacer battle-history"><br></div><div class="battle-history">The opposing Roaring Sal used <strong>Fire Lash</strong>!<br></div><div class="battle-history"><small>(Sol Valiant lost 93% of its health!)</small><br></div><div class="battle-history"><small>Sol Valiant's Defense fell!</small><br></div><div class="spacer battle-history"><br></div><div class="battle-history">Sol Valiant used <strong>Stone Edge</strong>!<br></div><div class="battle-history"><small>It's super effective!</small><br></div><div class="battle-history"><small>(The opposing Roaring Sal lost 100% of its health!)</small><br></div><div class="spacer battle-history"><br></div><div class="battle-history">The opposing Roaring Sal fainted!<br></div><div class="spacer battle-history"><br></div><div class="battle-history"><small>(The sunlight is strong.)</small><br></div><div class="battle-history"><small>Your team's Reflect wore off!</small><br></div><div class="spacer battle-history"><br></div><div class="battle-history">zxgzxg sent out <strong>Stargrowth</strong>!<br></div><div class="spacer battle-history"><br></div><h2 class="battle-history">Turn 12</h2><div class="spacer battle-history"><br></div><div class="battle-history">Sol Valiant, come back!<br></div><div class="battle-history">Go! <strong>Slither King</strong>!<br></div><div class="battle-history">[Slither King's Opening Act]<br></div><div class="battle-history"><small>(openingactdef started on Slither King!)</small><br></div><div class="spacer battle-history"><br></div><div class="battle-history">The opposing Stargrowth used <strong>Giga Drain</strong>!<br></div><div class="battle-history"><small>It's not very effective...</small><br></div><div class="battle-history"><small>(Slither King lost 6% of its health!)</small><br></div><div class="battle-history"><small>Slither King had its energy drained!</small><br></div><div class="spacer battle-history"><br></div><div class="battle-history"><small>(The sunlight is strong.)</small><br></div><div class="spacer battle-history"><br></div><h2 class="battle-history">Turn 13</h2><div class="spacer battle-history"><br></div><div class="battle-history">zxgzxg withdrew Stargrowth!<br></div><div class="battle-history">zxgzxg sent out <strong>Rotoghold</strong>!<br></div><div class="spacer battle-history"><br></div><div class="battle-history">Slither King used <strong>Light Screen</strong>!<br></div><div class="battle-history"><small>Light Screen made your team stronger against special moves!</small><br></div><div class="spacer battle-history"><br></div><div class="battle-history"><small>(The sunlight is strong.)</small><br></div><div class="spacer battle-history"><br></div><h2 class="battle-history">Turn 14</h2><div class="chat"><small>+XenonHero126 joined</small></div><div class="spacer battle-history"><br></div><div class="battle-history">The opposing Rotoghold used <strong>Will-O-Wisp</strong>!<br></div><div class="battle-history"><small>Slither King was burned!</small><br></div><div class="spacer battle-history"><br></div><div class="battle-history">Slither King used <strong>U-turn</strong>!<br></div><div class="battle-history"><small>It's not very effective...</small><br></div><div class="battle-history"><small>(The opposing Rotoghold lost 3% of its health!)</small><br></div><div class="chat"><small> Mossy Sandwich left</small></div><div class="chat chatmessage-xrn"><strong style="color:#0f9c32"><small>+</small><span class="username" data-name="Xrn">Xrn</span>:</strong> <em>!dt opening act</em></div><div class="chat"><ul class="utilichart"><li class="result"><span class="col namecol"><a href="https://dex.pokemonshowdown.com/abilities/openingact" target="_blank" rel="noopener">Opening Act</a></span> <span class="col abilitydesccol">Protosynthesis + Prankster</span> </li><li style="clear: both"></li></ul></div><div class="chat"><font size="1"><font color="#686868">Gen:</font> 0&nbsp;|  ✓ Not affected by Gastro Acid</font></div><div class="chat chatmessage-xrn"><strong style="color:#0f9c32"><small>+</small><span class="username" data-name="Xrn">Xrn</span>:</strong> <em>Tpp</em></div><div class="spacer battle-history"><br></div><div class="battle-history">Slither King went back to Z Strats!<br></div><div class="battle-history">Go! <strong>Roaring Sal</strong>!<br></div><div class="battle-history">[Roaring Sal's Primitive]<br></div><div class="battle-history"><small>(primitivespe started on Roaring Sal!)</small><br></div><div class="chat"><ul class="utilichart"><li class="result"><span class="col pokemonnamecol" style="white-space: nowrap">Roaring Sal</span> <span class="col typecol"><img src="https://play.pokemonshowdown.com/sprites/types/Fire.png" alt="Fire" height="14" width="32"><img src="https://play.pokemonshowdown.com/sprites/types/Dark.png" alt="Dark" height="14" width="32"></span> <span style="float: left ; min-height: 26px"><span class="col abilitycol">Primitive</span><span class="col abilitycol"></span></span></li><li style="clear: both"></li></ul></div><div class="chat"><ul class="utilichart"><li class="result"><span style="float: left ; min-height: 26px"><span class="col statcol"><em>HP</em><br>90</span> <span class="col statcol"><em>Atk</em><br>110</span> <span class="col statcol"><em>Def</em><br>65</span> <span class="col statcol"><em>SpA</em><br>85</span> <span class="col statcol"><em>SpD</em><br>80</span> <span class="col statcol"><em>Spe</em><br>120</span> </span></li><li style="clear: both"></li></ul></div><div class="spacer battle-history"><br></div><div class="battle-history"><small>The harsh sunlight faded.</small><br></div><div class="battle-history"><small>The opposing Rotoghold restored a little HP using its Leftovers!</small><br></div><div class="spacer battle-history"><br></div><div class="battle-history"><small>(Roaring Sal used its Booster Energy!)</small><br></div><div class="battle-history"><small>Roaring Sal was freed from Primitive!</small><br></div><div class="battle-history">[Roaring Sal's Primitive]<br></div><div class="battle-history"><small>(primitivespe started on Roaring Sal!)</small><br></div><div class="spacer battle-history"><br></div><h2 class="battle-history">Turn 15</h2><div class="chat"><small>+Not mossy joined</small></div><div class="spacer battle-history"><br></div><div class="battle-history">Roaring Sal used <strong>Nasty Plot</strong>!<br></div><div class="battle-history"><small>Roaring Sal's Sp. Atk rose sharply!</small><br></div><div class="spacer battle-history"><br></div><div class="battle-history">The opposing Rotoghold used <strong>Volt Switch</strong>!<br></div><div class="battle-history"><small>(Roaring Sal lost 10% of its health!)</small><br></div><div class="spacer battle-history"><br></div><div class="battle-history">The opposing Rotoghold went back to zxgzxg!<br></div><div class="battle-history">zxgzxg sent out <strong>Drampiclus</strong>!<br></div><div class="spacer battle-history"><br></div><h2 class="battle-history">Turn 16</h2><div class="spacer battle-history"><br></div><div class="battle-history">Roaring Sal used <strong>Dark Pulse</strong>!<br></div><div class="battle-history"><small>It's super effective!</small><br></div><div class="battle-history"><small>(The opposing Drampiclus lost 72% of its health!)</small><br></div><div class="battle-history">[The opposing Drampiclus's Regain Patience]<br></div><div class="battle-history"><small>The opposing Drampiclus's Sp. Atk rose!</small><br></div><div class="spacer battle-history"><br></div><div class="battle-history">The opposing Drampiclus used <strong>Focus Blast</strong>!<br></div><div class="battle-history"><small>Roaring Sal avoided the attack!</small><br></div><div class="spacer battle-history"><br></div><h2 class="battle-history">Turn 17</h2><div class="chat chatmessage-zxgzxg"><strong style="color:#8f19ef"><small>☆</small><span class="username" data-name="zxgzxg">zxgzxg</span>:</strong> <em>ah</em></div><div class="chat chatmessage-zxgzxg"><strong style="color:#8f19ef"><small>☆</small><span class="username" data-name="zxgzxg">zxgzxg</span>:</strong> <em>gg</em></div><div class="spacer battle-history"><br></div><div class="battle-history">Roaring Sal used <strong>Dark Pulse</strong>!<br></div><div class="battle-history"><small>It's super effective!</small><br></div><div class="battle-history"><small>(The opposing Drampiclus lost 28% of its health!)</small><br></div><div class="spacer battle-history"><br></div><div class="battle-history">The opposing Drampiclus fainted!<br></div><div class="spacer battle-history"><br></div><div class="battle-history"><small>Your team's Light Screen wore off!</small><br></div><div class="spacer battle-history"><br></div><div class="battle-history">zxgzxg sent out <strong>Rotoghold</strong>!<br></div><div class="spacer battle-history"><br></div><h2 class="battle-history">Turn 18</h2><div class="spacer battle-history"><br></div><div class="battle-history">Roaring Sal used <strong>Dark Pulse</strong>!<br></div><div class="battle-history"><small>It's super effective!</small><br></div><div class="battle-history"><small>(The opposing Rotoghold lost 100% of its health!)</small><br></div><div class="spacer battle-history"><br></div><div class="battle-history">The opposing Rotoghold fainted!<br></div><div class="spacer battle-history"><br></div><div class="battle-history">zxgzxg sent out <strong>Stargrowth</strong>!<br></div><div class="spacer battle-history"><br></div><h2 class="battle-history">Turn 19</h2><div class="spacer battle-history"><br></div><div class="battle-history">Roaring Sal used <strong>Dark Pulse</strong>!<br></div><div class="battle-history"><small>(The opposing Stargrowth lost 80% of its health!)</small><br></div><div class="spacer battle-history"><br></div><div class="battle-history">The opposing Stargrowth flinched and couldn't move!<br></div><div class="spacer battle-history"><br></div><h2 class="battle-history">Turn 20</h2><div class="spacer battle-history"><br></div><div class="battle-history">Roaring Sal used <strong>Dark Pulse</strong>!<br></div><div class="battle-history"><small>(The opposing Stargrowth lost 20% of its health!)</small><br></div><div class="spacer battle-history"><br></div><div class="battle-history">The opposing Stargrowth fainted!<br></div><div class="spacer battle-history"><br></div><div class="battle-history"><strong>Z Strats</strong> won the battle!<br></div><div class="chat chatmessage-zstrats"><strong style="color:#6277bc"><small>☆</small><span class="username" data-name="Z Strats">Z Strats</span>:</strong> <em>gg</em></div><div class="chat"><small>+Not mossy, +XenonHero126,  Micciu, ☆zxgzxg, and +Xrn left</small></div></div><div class="inner-preempt message-log"></div></div></div>
</div>
<script>
let daily = Math.floor(Date.now()/1000/60/60/24);document.write('<script src="https://dragonheaven.herokuapp.com/js/replay-embed.js?version'+daily+'"></'+'script>');
</script>
