<!DOCTYPE html>
<meta charset="utf-8" />
<!-- version 1 -->
<title>[Gen 2] Crystal: Sevii Islands replay: spellcaster vs. BeeOrSomething</title>
<style>
html,body {font-family:Verdana, sans-serif;font-size:10pt;margin:0;padding:0;}body{padding:12px 0;} .battle-log {font-family:Verdana, sans-serif;font-size:10pt;} .battle-log-inline {border:1px solid #AAAAAA;background:#EEF2F5;color:black;max-width:640px;margin:0 auto 80px;padding-bottom:5px;} .battle-log .inner {padding:4px 8px 0px 8px;} .battle-log .inner-preempt {padding:0 8px 4px 8px;} .battle-log .inner-after {margin-top:0.5em;} .battle-log h2 {margin:0.5em -8px;padding:4px 8px;border:1px solid #AAAAAA;background:#E0E7EA;border-left:0;border-right:0;font-family:Verdana, sans-serif;font-size:13pt;} .battle-log .chat {vertical-align:middle;padding:3px 0 3px 0;font-size:8pt;} .battle-log .chat strong {color:#40576A;} .battle-log .chat em {padding:1px 4px 1px 3px;color:#000000;font-style:normal;} .chat.mine {background:rgba(0,0,0,0.05);margin-left:-8px;margin-right:-8px;padding-left:8px;padding-right:8px;} .spoiler {color:#BBBBBB;background:#BBBBBB;padding:0px 3px;} .spoiler:hover, .spoiler:active, .spoiler-shown {color:#000000;background:#E2E2E2;padding:0px 3px;} .spoiler a {color:#BBBBBB;} .spoiler:hover a, .spoiler:active a, .spoiler-shown a {color:#2288CC;} .chat code, .chat .spoiler:hover code, .chat .spoiler:active code, .chat .spoiler-shown code {border:1px solid #C0C0C0;background:#EEEEEE;color:black;padding:0 2px;} .chat .spoiler code {border:1px solid #CCCCCC;background:#CCCCCC;color:#CCCCCC;} .battle-log .rated {padding:3px 4px;} .battle-log .rated strong {color:white;background:#89A;padding:1px 4px;border-radius:4px;} .spacer {margin-top:0.5em;} .message-announce {background:#6688AA;color:white;padding:1px 4px 2px;} .message-announce a, .broadcast-green a, .broadcast-blue a, .broadcast-red a {color:#DDEEFF;} .broadcast-green {background-color:#559955;color:white;padding:2px 4px;} .broadcast-blue {background-color:#6688AA;color:white;padding:2px 4px;} .infobox {border:1px solid #6688AA;padding:2px 4px;} .infobox-limited {max-height:200px;overflow:auto;overflow-x:hidden;} .broadcast-red {background-color:#AA5544;color:white;padding:2px 4px;} .message-learn-canlearn {font-weight:bold;color:#228822;text-decoration:underline;} .message-learn-cannotlearn {font-weight:bold;color:#CC2222;text-decoration:underline;} .message-effect-weak {font-weight:bold;color:#CC2222;} .message-effect-resist {font-weight:bold;color:#6688AA;} .message-effect-immune {font-weight:bold;color:#666666;} .message-learn-list {margin-top:0;margin-bottom:0;} .message-throttle-notice, .message-error {color:#992222;} .message-overflow, .chat small.message-overflow {font-size:0pt;} .message-overflow::before {font-size:9pt;content:'...';} .subtle {color:#3A4A66;}
</style>
<div class="wrapper replay-wrapper" style="max-width:1180px;margin:0 auto">
<input type="hidden" name="replayid" value="dragonheaven-gen2crystalseviiislands-13-nuog95brnvr20jp5iyngmseegzi60i5pw" />
<div class="battle"></div><div class="battle-log"></div><div class="replay-controls"></div><div class="replay-controls-2"></div>
<h1 style="font-weight:normal;text-align:center"><strong>[Gen 2] Crystal: Sevii Islands</strong><br /><a href="http://pokemonshowdown.com/users/spellcaster" class="subtle" target="_blank">spellcaster</a> vs. <a href="http://pokemonshowdown.com/users/beeorsomething" class="subtle" target="_blank">BeeOrSomething</a></h1>
<script type="text/plain" class="battle-log-data">|raw|<div class="broadcast-red"><strong>This battle is invite-only!<\/strong><br \/>Users must be invited with <code>\/invite<\/code> (or be staff) to join<\/div>
|j|☆spellcaster
|j|☆BeeOrSomething
|t:|1688752816
|player|p1|spellcaster|266|
|player|p2|BeeOrSomething|169|
|teamsize|p1|6
|teamsize|p2|6
|gametype|singles
|gen|2
|tier|[Gen 2] Crystal: Sevii Islands
|rule|Sleep Clause Mod: Limit one foe put to sleep
|rule|Freeze Clause Mod: Limit one foe frozen
|rule|Species Clause: Limit one of each Pokémon
|rule|OHKO Clause: OHKO moves are banned
|rule|Evasion Moves Clause: Evasion moves are banned
|rule|Endless Battle Clause: Forcing endless battles is banned
|rule|HP Percentage Mod: HP is shown in percentages
|raw|<img src="https:\/\/www.smogon.com\/forums\/attachments\/151df61d-7d50-438a-ac00-32f18fe1424b-png.395890\/" height="212" width="381">
|-message|Welcome to Crystal: Sevii Islands!
|-message|This is a [Gen 2] OU-based format where we add new Fakemon, items, moves and even lore!
|-message|You can find our spreadsheet with all the new additions here:
|-message|https:\/\/docs.google.com\/spreadsheets\/d\/1QL_789vTzxG8An43itUxPonK9ee7ezxH6GCR9dD_JyQ\/edit?usp=sharing
|-message|Good luck and have fun with your battle!
|
|t:|1688752817
|start
|switch|p1a: mana clicks tailgl|Snorlax, M|100\/100
|switch|p2a: Snorlax|Snorlax, M|100\/100
|-start|p1a: mana clicks tailgl|typechange|Normal|[silent]
|raw|<ul class="utilichart"><li class="result"><span class="col pokemonnamecol" style="white-space: nowrap">Snorlax<\/span> <span class="col typecol"><img src="https:\/\/play.pokemonshowdown.com\/sprites\/types\/Normal.png" alt="Normal" height="14" width="32"><\/span> <span style="float: left ; min-height: 26px"><span class="col abilitycol">Immunity \/ Thick Fat<\/span><span class="col abilitycol"><\/span><\/span><\/li><li style="clear: both"><\/li><\/ul>
|raw|<ul class="utilichart"><li class="result"><span style="float: left ; min-height: 26px"><span class="col statcol"><em>HP<\/em><br>160<\/span> <span class="col statcol"><em>Atk<\/em><br>110<\/span> <span class="col statcol"><em>Def<\/em><br>65<\/span> <span class="col statcol"><em>SpA<\/em><br>65<\/span> <span class="col statcol"><em>SpD<\/em><br>110<\/span> <span class="col statcol"><em>Spe<\/em><br>30<\/span> <\/span><\/li><li style="clear: both"><\/li><\/ul>
|-start|p2a: Snorlax|typechange|Normal|[silent]
|raw|<ul class="utilichart"><li class="result"><span class="col pokemonnamecol" style="white-space: nowrap">Snorlax<\/span> <span class="col typecol"><img src="https:\/\/play.pokemonshowdown.com\/sprites\/types\/Normal.png" alt="Normal" height="14" width="32"><\/span> <span style="float: left ; min-height: 26px"><span class="col abilitycol">Immunity \/ Thick Fat<\/span><span class="col abilitycol"><\/span><\/span><\/li><li style="clear: both"><\/li><\/ul>
|raw|<ul class="utilichart"><li class="result"><span style="float: left ; min-height: 26px"><span class="col statcol"><em>HP<\/em><br>160<\/span> <span class="col statcol"><em>Atk<\/em><br>110<\/span> <span class="col statcol"><em>Def<\/em><br>65<\/span> <span class="col statcol"><em>SpA<\/em><br>65<\/span> <span class="col statcol"><em>SpD<\/em><br>110<\/span> <span class="col statcol"><em>Spe<\/em><br>30<\/span> <\/span><\/li><li style="clear: both"><\/li><\/ul>
|turn|1
|c|☆BeeOrSomething|glhf
|c|☆spellcaster|hf
|
|t:|1688752839
|switch|p1a: :pouss:|Cloyster, M|100\/100
|-start|p1a: :pouss:|typechange|Water\/Ice|[silent]
|raw|<ul class="utilichart"><li class="result"><span class="col pokemonnamecol" style="white-space: nowrap">Cloyster<\/span> <span class="col typecol"><img src="https:\/\/play.pokemonshowdown.com\/sprites\/types\/Water.png" alt="Water" height="14" width="32"><img src="https:\/\/play.pokemonshowdown.com\/sprites\/types\/Ice.png" alt="Ice" height="14" width="32"><\/span> <span style="float: left ; min-height: 26px"><span class="col abilitycol">Shell Armor \/ Skill Link<\/span><span class="col abilitycol"><\/span><\/span><\/li><li style="clear: both"><\/li><\/ul>
|raw|<ul class="utilichart"><li class="result"><span style="float: left ; min-height: 26px"><span class="col statcol"><em>HP<\/em><br>50<\/span> <span class="col statcol"><em>Atk<\/em><br>95<\/span> <span class="col statcol"><em>Def<\/em><br>180<\/span> <span class="col statcol"><em>SpA<\/em><br>85<\/span> <span class="col statcol"><em>SpD<\/em><br>45<\/span> <span class="col statcol"><em>Spe<\/em><br>70<\/span> <\/span><\/li><li style="clear: both"><\/li><\/ul>
|switch|p2a: Cloyster|Cloyster, M|100\/100
|-start|p2a: Cloyster|typechange|Water\/Ice|[silent]
|raw|<ul class="utilichart"><li class="result"><span class="col pokemonnamecol" style="white-space: nowrap">Cloyster<\/span> <span class="col typecol"><img src="https:\/\/play.pokemonshowdown.com\/sprites\/types\/Water.png" alt="Water" height="14" width="32"><img src="https:\/\/play.pokemonshowdown.com\/sprites\/types\/Ice.png" alt="Ice" height="14" width="32"><\/span> <span style="float: left ; min-height: 26px"><span class="col abilitycol">Shell Armor \/ Skill Link<\/span><span class="col abilitycol"><\/span><\/span><\/li><li style="clear: both"><\/li><\/ul>
|raw|<ul class="utilichart"><li class="result"><span style="float: left ; min-height: 26px"><span class="col statcol"><em>HP<\/em><br>50<\/span> <span class="col statcol"><em>Atk<\/em><br>95<\/span> <span class="col statcol"><em>Def<\/em><br>180<\/span> <span class="col statcol"><em>SpA<\/em><br>85<\/span> <span class="col statcol"><em>SpD<\/em><br>45<\/span> <span class="col statcol"><em>Spe<\/em><br>70<\/span> <\/span><\/li><li style="clear: both"><\/li><\/ul>
|
|upkeep
|turn|2
|
|t:|1688752842
|move|p2a: Cloyster|Toxic|p1a: :pouss:
|-status|p1a: :pouss:|tox
|move|p1a: :pouss:|Spikes|p2a: Cloyster
|-sidestart|p2: BeeOrSomething|Spikes
|-damage|p1a: :pouss:|95\/100 tox|[from] psn
|
|-heal|p1a: :pouss:|100\/100 tox|[from] item: Leftovers
|upkeep
|turn|3
|raw|<div class="broadcast-blue"><strong>This room is no longer invite only!<\/strong><br \/>Anyone may now join.<\/div>
|c|☆BeeOrSomething|\/log BeeOrSomething turned off modjoin.
|
|t:|1688752849
|move|p2a: Cloyster|Spikes|p1a: :pouss:
|-sidestart|p1: spellcaster|Spikes
|move|p1a: :pouss:|Toxic|p2a: Cloyster
|-status|p2a: Cloyster|tox
|-damage|p1a: :pouss:|89\/100 tox|[from] psn
|
|-heal|p1a: :pouss:|95\/100 tox|[from] item: Leftovers
|upkeep
|turn|4
|
|t:|1688752857
|switch|p2a: Zapdos|Zapdos|100\/100
|-start|p2a: Zapdos|typechange|Electric\/Flying|[silent]
|raw|<ul class="utilichart"><li class="result"><span class="col pokemonnamecol" style="white-space: nowrap">Zapdos<\/span> <span class="col typecol"><img src="https:\/\/play.pokemonshowdown.com\/sprites\/types\/Electric.png" alt="Electric" height="14" width="32"><img src="https:\/\/play.pokemonshowdown.com\/sprites\/types\/Flying.png" alt="Flying" height="14" width="32"><\/span> <span style="float: left ; min-height: 26px"><span class="col abilitycol">Pressure<\/span><span class="col abilitycol"><\/span><\/span><\/li><li style="clear: both"><\/li><\/ul>
|raw|<ul class="utilichart"><li class="result"><span style="float: left ; min-height: 26px"><span class="col statcol"><em>HP<\/em><br>90<\/span> <span class="col statcol"><em>Atk<\/em><br>90<\/span> <span class="col statcol"><em>Def<\/em><br>85<\/span> <span class="col statcol"><em>SpA<\/em><br>125<\/span> <span class="col statcol"><em>SpD<\/em><br>90<\/span> <span class="col statcol"><em>Spe<\/em><br>100<\/span> <\/span><\/li><li style="clear: both"><\/li><\/ul>
|move|p1a: :pouss:|Surf|p2a: Zapdos
|-damage|p2a: Zapdos|69\/100
|-damage|p1a: :pouss:|77\/100 tox|[from] psn
|
|-heal|p2a: Zapdos|75\/100|[from] item: Leftovers
|-heal|p1a: :pouss:|83\/100 tox|[from] item: Leftovers
|upkeep
|turn|5
|j| emma
|j| TPPetMod
|
|t:|1688752869
|switch|p1a: 85$ Prize|Altocumulos, M|100\/100
|-damage|p1a: 85$ Prize|88\/100|[from] Spikes
|-start|p1a: 85$ Prize|typechange|Dragon\/Cosmic|[silent]
|raw|<ul class="utilichart"><li class="result"><span class="col pokemonnamecol" style="white-space: nowrap">Altocumulos<\/span> <span class="col typecol"><img src="https:\/\/play.pokemonshowdown.com\/sprites\/types\/Dragon.png" alt="Dragon" height="14" width="32"><img src="https:\/\/play.pokemonshowdown.com\/sprites\/types\/Cosmic.png" alt="Cosmic" height="14" width="32"><\/span> <span style="float: left ; min-height: 26px"><span class="col abilitycol">No Ability<\/span><span class="col abilitycol"><\/span><\/span><\/li><li style="clear: both"><\/li><\/ul>
|raw|<ul class="utilichart"><li class="result"><span style="float: left ; min-height: 26px"><span class="col statcol"><em>HP<\/em><br>80<\/span> <span class="col statcol"><em>Atk<\/em><br>80<\/span> <span class="col statcol"><em>Def<\/em><br>75<\/span> <span class="col statcol"><em>SpA<\/em><br>100<\/span> <span class="col statcol"><em>SpD<\/em><br>110<\/span> <span class="col statcol"><em>Spe<\/em><br>55<\/span> <\/span><\/li><li style="clear: both"><\/li><\/ul>
|move|p2a: Zapdos|Thunder|p1a: 85$ Prize
|-crit|p1a: 85$ Prize
|-resisted|p1a: 85$ Prize
|-damage|p1a: 85$ Prize|69\/100
|-status|p1a: 85$ Prize|par
|
|-heal|p2a: Zapdos|82\/100|[from] item: Leftovers
|-heal|p1a: 85$ Prize|75\/100 par|[from] item: Leftovers
|upkeep
|turn|6
|j| Ashes Teras
|j| OREO PLAYS POKEMON
|
|t:|1688752881
|switch|p2a: Snorlax|Snorlax, M|100\/100
|-damage|p2a: Snorlax|88\/100|[from] Spikes
|-start|p2a: Snorlax|typechange|Normal|[silent]
|cant|p1a: 85$ Prize|par
|
|-heal|p2a: Snorlax|94\/100|[from] item: Leftovers
|-heal|p1a: 85$ Prize|81\/100 par|[from] item: Leftovers
|upkeep
|turn|7
|
|t:|1688752887
|switch|p1a: :pouss:|Cloyster, M|83\/100 tox
|-status|p1a: :pouss:|psn|[silent]
|-damage|p1a: :pouss:|70\/100 psn|[from] Spikes
|-start|p1a: :pouss:|typechange|Water\/Ice|[silent]
|-damage|p1a: :pouss:|58\/100 psn|[from] psn
|move|p2a: Snorlax|Double-Edge|p1a: :pouss:
|-damage|p1a: :pouss:|28\/100 psn
|-damage|p2a: Snorlax|90\/100|[from] Recoil|[of] p1a: :pouss:
|
|-heal|p1a: :pouss:|34\/100 psn|[from] item: Leftovers
|-heal|p2a: Snorlax|96\/100|[from] item: Leftovers
|upkeep
|turn|8
|
|t:|1688752894
|switch|p2a: Cloyster|Cloyster, M|100\/100 tox
|-status|p2a: Cloyster|psn|[silent]
|-damage|p2a: Cloyster|88\/100 psn|[from] Spikes
|-start|p2a: Cloyster|typechange|Water\/Ice|[silent]
|-damage|p2a: Cloyster|76\/100 psn|[from] psn
|move|p1a: :pouss:|Explosion|p2a: Cloyster
|-damage|p2a: Cloyster|0 fnt
|faint|p1a: :pouss:
|faint|p2a: Cloyster
|j|+Gekokeso
|j| amphamence
|
|t:|1688752908
|switch|p1a: mana clicks tailgl|Snorlax, M|100\/100
|switch|p2a: Exeggutor|Exeggutor, M|100\/100
|-start|p2a: Exeggutor|typechange|Grass\/Psychic|[silent]
|raw|<ul class="utilichart"><li class="result"><span class="col pokemonnamecol" style="white-space: nowrap">Exeggutor<\/span> <span class="col typecol"><img src="https:\/\/play.pokemonshowdown.com\/sprites\/types\/Grass.png" alt="Grass" height="14" width="32"><img src="https:\/\/play.pokemonshowdown.com\/sprites\/types\/Psychic.png" alt="Psychic" height="14" width="32"><\/span> <span style="float: left ; min-height: 26px"><span class="col abilitycol">Chlorophyll<\/span><span class="col abilitycol"><\/span><\/span><\/li><li style="clear: both"><\/li><\/ul>
|raw|<ul class="utilichart"><li class="result"><span style="float: left ; min-height: 26px"><span class="col statcol"><em>HP<\/em><br>95<\/span> <span class="col statcol"><em>Atk<\/em><br>95<\/span> <span class="col statcol"><em>Def<\/em><br>85<\/span> <span class="col statcol"><em>SpA<\/em><br>125<\/span> <span class="col statcol"><em>SpD<\/em><br>65<\/span> <span class="col statcol"><em>Spe<\/em><br>55<\/span> <\/span><\/li><li style="clear: both"><\/li><\/ul>
|-damage|p2a: Exeggutor|88\/100|[from] Spikes
|-start|p1a: mana clicks tailgl|typechange|Normal|[silent]
|-damage|p1a: mana clicks tailgl|88\/100|[from] Spikes
|
|-heal|p2a: Exeggutor|100\/100|[from] item: Sevii Sundae
|-item|p2a: Exeggutor|Sevii Sundae (3)|[from] item: Sevii Sundae
|-heal|p1a: mana clicks tailgl|94\/100|[from] item: Leftovers
|upkeep
|turn|9
|j| Lcaster
|
|t:|1688752917
|switch|p2a: Tyranitar|Tyranitar, M|100\/100
|-damage|p2a: Tyranitar|88\/100|[from] Spikes
|-start|p2a: Tyranitar|typechange|Rock\/Dark|[silent]
|raw|<ul class="utilichart"><li class="result"><span class="col pokemonnamecol" style="white-space: nowrap">Tyranitar<\/span> <span class="col typecol"><img src="https:\/\/play.pokemonshowdown.com\/sprites\/types\/Rock.png" alt="Rock" height="14" width="32"><img src="https:\/\/play.pokemonshowdown.com\/sprites\/types\/Dark.png" alt="Dark" height="14" width="32"><\/span> <span style="float: left ; min-height: 26px"><span class="col abilitycol">Sand Stream<\/span><span class="col abilitycol"><\/span><\/span><\/li><li style="clear: both"><\/li><\/ul>
|raw|<ul class="utilichart"><li class="result"><span style="float: left ; min-height: 26px"><span class="col statcol"><em>HP<\/em><br>100<\/span> <span class="col statcol"><em>Atk<\/em><br>134<\/span> <span class="col statcol"><em>Def<\/em><br>110<\/span> <span class="col statcol"><em>SpA<\/em><br>95<\/span> <span class="col statcol"><em>SpD<\/em><br>100<\/span> <span class="col statcol"><em>Spe<\/em><br>61<\/span> <\/span><\/li><li style="clear: both"><\/li><\/ul>
|switch|p1a: :queen:|Skunking, M|100\/100
|-start|p1a: :queen:|typechange|Poison\/Dark|[silent]
|raw|<ul class="utilichart"><li class="result"><span class="col pokemonnamecol" style="white-space: nowrap">Skunking<\/span> <span class="col typecol"><img src="https:\/\/play.pokemonshowdown.com\/sprites\/types\/Poison.png" alt="Poison" height="14" width="32"><img src="https:\/\/play.pokemonshowdown.com\/sprites\/types\/Dark.png" alt="Dark" height="14" width="32"><\/span> <span style="float: left ; min-height: 26px"><span class="col abilitycol">No Ability<\/span><span class="col abilitycol"><\/span><\/span><\/li><li style="clear: both"><\/li><\/ul>
|raw|<ul class="utilichart"><li class="result"><span style="float: left ; min-height: 26px"><span class="col statcol"><em>HP<\/em><br>97<\/span> <span class="col statcol"><em>Atk<\/em><br>80<\/span> <span class="col statcol"><em>Def<\/em><br>81<\/span> <span class="col statcol"><em>SpA<\/em><br>83<\/span> <span class="col statcol"><em>SpD<\/em><br>70<\/span> <span class="col statcol"><em>Spe<\/em><br>62<\/span> <\/span><\/li><li style="clear: both"><\/li><\/ul>
|-damage|p1a: :queen:|88\/100|[from] Spikes
|
|-heal|p1a: :queen:|94\/100|[from] item: Leftovers
|-heal|p2a: Tyranitar|94\/100|[from] item: Leftovers
|upkeep
|turn|10
|c| Lcaster|unprivate the game smh
|j| OREO_WARIO
|
|t:|1688752943
|switch|p1a: tpp without micciu|Steelix, M|100\/100
|-start|p1a: tpp without micciu|typechange|Steel\/Ground|[silent]
|raw|<ul class="utilichart"><li class="result"><span class="col pokemonnamecol" style="white-space: nowrap">Steelix<\/span> <span class="col typecol"><img src="https:\/\/play.pokemonshowdown.com\/sprites\/types\/Steel.png" alt="Steel" height="14" width="32"><img src="https:\/\/play.pokemonshowdown.com\/sprites\/types\/Ground.png" alt="Ground" height="14" width="32"><\/span> <span style="float: left ; min-height: 26px"><span class="col abilitycol">Rock Head \/ Sturdy<\/span><span class="col abilitycol"><\/span><\/span><\/li><li style="clear: both"><\/li><\/ul>
|raw|<ul class="utilichart"><li class="result"><span style="float: left ; min-height: 26px"><span class="col statcol"><em>HP<\/em><br>75<\/span> <span class="col statcol"><em>Atk<\/em><br>85<\/span> <span class="col statcol"><em>Def<\/em><br>200<\/span> <span class="col statcol"><em>SpA<\/em><br>55<\/span> <span class="col statcol"><em>SpD<\/em><br>65<\/span> <span class="col statcol"><em>Spe<\/em><br>30<\/span> <\/span><\/li><li style="clear: both"><\/li><\/ul>
|-damage|p1a: tpp without micciu|88\/100|[from] Spikes
|move|p2a: Tyranitar|Earthquake|p1a: tpp without micciu
|-supereffective|p1a: tpp without micciu
|-damage|p1a: tpp without micciu|55\/100
|
|-heal|p2a: Tyranitar|100\/100|[from] item: Leftovers
|-heal|p1a: tpp without micciu|61\/100|[from] item: Leftovers
|upkeep
|turn|11
|
|t:|1688752951
|move|p2a: Tyranitar|Fire Blast|p1a: tpp without micciu|[miss]
|-miss|p2a: Tyranitar
|move|p1a: tpp without micciu|Earthquake|p2a: Tyranitar
|-supereffective|p2a: Tyranitar
|-damage|p2a: Tyranitar|54\/100
|
|-heal|p2a: Tyranitar|60\/100|[from] item: Leftovers
|-heal|p1a: tpp without micciu|68\/100|[from] item: Leftovers
|upkeep
|turn|12
|j| Micciu
|l| Micciu
|j|+Paul(paulluxx)
|j|+Monai
|j| it's just sparks
|l|+Paul(paulluxx)
|
|t:|1688753037
|switch|p2a: Zapdos|Zapdos|82\/100
|-start|p2a: Zapdos|typechange|Electric\/Flying|[silent]
|switch|p1a: spôrt quote|Zapdos|100\/100
|-start|p1a: spôrt quote|typechange|Electric\/Flying|[silent]
|raw|<ul class="utilichart"><li class="result"><span class="col pokemonnamecol" style="white-space: nowrap">Zapdos<\/span> <span class="col typecol"><img src="https:\/\/play.pokemonshowdown.com\/sprites\/types\/Electric.png" alt="Electric" height="14" width="32"><img src="https:\/\/play.pokemonshowdown.com\/sprites\/types\/Flying.png" alt="Flying" height="14" width="32"><\/span> <span style="float: left ; min-height: 26px"><span class="col abilitycol">Pressure<\/span><span class="col abilitycol"><\/span><\/span><\/li><li style="clear: both"><\/li><\/ul>
|raw|<ul class="utilichart"><li class="result"><span style="float: left ; min-height: 26px"><span class="col statcol"><em>HP<\/em><br>90<\/span> <span class="col statcol"><em>Atk<\/em><br>90<\/span> <span class="col statcol"><em>Def<\/em><br>85<\/span> <span class="col statcol"><em>SpA<\/em><br>125<\/span> <span class="col statcol"><em>SpD<\/em><br>90<\/span> <span class="col statcol"><em>Spe<\/em><br>100<\/span> <\/span><\/li><li style="clear: both"><\/li><\/ul>
|
|-heal|p2a: Zapdos|88\/100|[from] item: Leftovers
|upkeep
|turn|13
|
|t:|1688753043
|move|p2a: Zapdos|Thunder|p1a: spôrt quote
|-damage|p1a: spôrt quote|53\/100
|-status|p1a: spôrt quote|par
|move|p1a: spôrt quote|Thunder|p2a: Zapdos
|-damage|p2a: Zapdos|36\/100
|
|-heal|p2a: Zapdos|42\/100|[from] item: Leftovers
|-heal|p1a: spôrt quote|59\/100 par|[from] item: Leftovers
|upkeep
|turn|14
|
|t:|1688753052
|switch|p2a: Snorlax|Snorlax, M|96\/100
|-start|p2a: Snorlax|typechange|Normal|[silent]
|-damage|p2a: Snorlax|84\/100|[from] Spikes
|move|p1a: spôrt quote|Rest|p1a: spôrt quote
|-status|p1a: spôrt quote|slp|[from] move: Rest
|-heal|p1a: spôrt quote|100\/100 slp|[silent]
|
|-heal|p2a: Snorlax|90\/100|[from] item: Leftovers
|upkeep
|turn|15
|j|+Paul(paulluxx)
|
|t:|1688753058
|switch|p1a: tpp without micciu|Steelix, M|68\/100
|-damage|p1a: tpp without micciu|55\/100|[from] Spikes
|-start|p1a: tpp without micciu|typechange|Steel\/Ground|[silent]
|move|p2a: Snorlax|Double-Edge|p1a: tpp without micciu
|-resisted|p1a: tpp without micciu
|-damage|p1a: tpp without micciu|43\/100
|-damage|p2a: Snorlax|88\/100|[from] Recoil|[of] p1a: tpp without micciu
|
|-heal|p2a: Snorlax|94\/100|[from] item: Leftovers
|-heal|p1a: tpp without micciu|49\/100|[from] item: Leftovers
|upkeep
|turn|16
|
|t:|1688753067
|switch|p2a: Zapdos|Zapdos|42\/100
|-start|p2a: Zapdos|typechange|Electric\/Flying|[silent]
|move|p1a: tpp without micciu|Roar|p2a: Zapdos
|drag|p2a: Snorlax|Snorlax, M|94\/100
|-start|p2a: Snorlax|typechange|Normal|[silent]
|-damage|p2a: Snorlax|81\/100|[from] Spikes
|
|-heal|p1a: tpp without micciu|55\/100|[from] item: Leftovers
|-heal|p2a: Snorlax|87\/100|[from] item: Leftovers
|upkeep
|turn|17
|j| hidin
|
|t:|1688753070
|move|p2a: Snorlax|Earthquake|p1a: tpp without micciu
|-supereffective|p1a: tpp without micciu
|-damage|p1a: tpp without micciu|26\/100
|move|p1a: tpp without micciu|Roar|p2a: Snorlax
|drag|p2a: Zapdos|Zapdos|42\/100
|-start|p2a: Zapdos|typechange|Electric\/Flying|[silent]
|
|-heal|p2a: Zapdos|48\/100|[from] item: Leftovers
|-heal|p1a: tpp without micciu|32\/100|[from] item: Leftovers
|upkeep
|turn|18
|c| hidin|lgi bee
|
|t:|1688753091
|switch|p1a: mana clicks tailgl|Snorlax, M|94\/100
|-damage|p1a: mana clicks tailgl|82\/100|[from] Spikes
|-start|p1a: mana clicks tailgl|typechange|Normal|[silent]
|move|p2a: Zapdos|Hidden Power|p1a: mana clicks tailgl
|-damage|p1a: mana clicks tailgl|71\/100
|
|-heal|p2a: Zapdos|54\/100|[from] item: Leftovers
|-heal|p1a: mana clicks tailgl|77\/100|[from] item: Leftovers
|upkeep
|turn|19
|l|+Paul(paulluxx)
|
|t:|1688753097
|move|p2a: Zapdos|Thunder|p1a: mana clicks tailgl
|-damage|p1a: mana clicks tailgl|49\/100
|move|p1a: mana clicks tailgl|Curse|p1a: mana clicks tailgl
|-unboost|p1a: mana clicks tailgl|spe|1
|-boost|p1a: mana clicks tailgl|atk|1
|-boost|p1a: mana clicks tailgl|def|1
|
|-heal|p2a: Zapdos|60\/100|[from] item: Leftovers
|-heal|p1a: mana clicks tailgl|55\/100|[from] item: Leftovers
|upkeep
|turn|20
|
|t:|1688753105
|switch|p2a: Tyranitar|Tyranitar, M|60\/100
|-start|p2a: Tyranitar|typechange|Rock\/Dark|[silent]
|-damage|p2a: Tyranitar|48\/100|[from] Spikes
|move|p1a: mana clicks tailgl|Double-Edge|p2a: Tyranitar
|-resisted|p2a: Tyranitar
|-damage|p2a: Tyranitar|22\/100
|-damage|p1a: mana clicks tailgl|50\/100|[from] Recoil|[of] p2a: Tyranitar
|
|-heal|p2a: Tyranitar|28\/100|[from] item: Leftovers
|-heal|p1a: mana clicks tailgl|56\/100|[from] item: Leftovers
|upkeep
|turn|21
|
|t:|1688753111
|move|p2a: Tyranitar|Boulder Rush||[still]
|-anim|p2a: Tyranitar|Rock Wrecker|p1a: mana clicks tailgl
|-damage|p1a: mana clicks tailgl|30\/100
|-damage|p2a: Tyranitar|11\/100|[from] Recoil|[of] p1a: mana clicks tailgl
|move|p1a: mana clicks tailgl|Double-Edge|p2a: Tyranitar
|-resisted|p2a: Tyranitar
|-damage|p2a: Tyranitar|0 fnt
|-damage|p1a: mana clicks tailgl|28\/100|[from] Recoil|[of] p2a: Tyranitar
|faint|p2a: Tyranitar
|
|t:|1688753119
|switch|p2a: Snorlax|Snorlax, M|87\/100
|-start|p2a: Snorlax|typechange|Normal|[silent]
|-damage|p2a: Snorlax|75\/100|[from] Spikes
|
|-heal|p2a: Snorlax|81\/100|[from] item: Leftovers
|-heal|p1a: mana clicks tailgl|34\/100|[from] item: Leftovers
|upkeep
|turn|22
|
|t:|1688753122
|move|p2a: Snorlax|Curse|p2a: Snorlax
|-unboost|p2a: Snorlax|spe|1
|-boost|p2a: Snorlax|atk|1
|-boost|p2a: Snorlax|def|1
|move|p1a: mana clicks tailgl|Rest|p1a: mana clicks tailgl
|-status|p1a: mana clicks tailgl|slp|[from] move: Rest
|-heal|p1a: mana clicks tailgl|100\/100 slp|[silent]
|
|-heal|p2a: Snorlax|87\/100|[from] item: Leftovers
|upkeep
|turn|23
|
|t:|1688753125
|move|p2a: Snorlax|Double-Edge|p1a: mana clicks tailgl
|-damage|p1a: mana clicks tailgl|60\/100 slp
|-damage|p2a: Snorlax|77\/100|[from] Recoil|[of] p1a: mana clicks tailgl
|cant|p1a: mana clicks tailgl|slp
|move|p1a: mana clicks tailgl|Sleep Talk|p1a: mana clicks tailgl
|move|p1a: mana clicks tailgl|Double-Edge|p2a: Snorlax|[from]Sleep Talk
|-damage|p2a: Snorlax|42\/100
|-damage|p1a: mana clicks tailgl|51\/100 slp|[from] Recoil|[of] p2a: Snorlax
|
|-heal|p1a: mana clicks tailgl|57\/100 slp|[from] item: Leftovers
|-heal|p2a: Snorlax|48\/100|[from] item: Leftovers
|upkeep
|turn|24
|
|t:|1688753129
|cant|p1a: mana clicks tailgl|slp
|move|p1a: mana clicks tailgl|Sleep Talk|p1a: mana clicks tailgl
|move|p1a: mana clicks tailgl|Rest|p1a: mana clicks tailgl|[from]Sleep Talk
|-status|p1a: mana clicks tailgl|slp|[from] move: Rest
|-heal|p1a: mana clicks tailgl|100\/100 slp|[silent]
|move|p2a: Snorlax|Double-Edge|p1a: mana clicks tailgl
|-damage|p1a: mana clicks tailgl|64\/100 slp
|-damage|p2a: Snorlax|39\/100|[from] Recoil|[of] p1a: mana clicks tailgl
|
|-heal|p1a: mana clicks tailgl|70\/100 slp|[from] item: Leftovers
|-heal|p2a: Snorlax|45\/100|[from] item: Leftovers
|upkeep
|turn|25
|
|t:|1688753134
|cant|p1a: mana clicks tailgl|slp
|move|p1a: mana clicks tailgl|Sleep Talk|p1a: mana clicks tailgl
|move|p1a: mana clicks tailgl|Double-Edge|p2a: Snorlax|[from]Sleep Talk
|-damage|p2a: Snorlax|6\/100
|-damage|p1a: mana clicks tailgl|60\/100 slp|[from] Recoil|[of] p2a: Snorlax
|move|p2a: Snorlax|Double-Edge|p1a: mana clicks tailgl
|-crit|p1a: mana clicks tailgl
|-damage|p1a: mana clicks tailgl|0 fnt
|-damage|p2a: Snorlax|0 fnt|[from] Recoil|[of] p1a: mana clicks tailgl
|faint|p1a: mana clicks tailgl
|faint|p2a: Snorlax
|j| dragonhell
|j|+Not mossy
|c|+Gekokeso|bruh
|j|+Quantum Tesseract
|
|t:|1688753150
|switch|p1a: :queen:|Skunking, M|94\/100
|switch|p2a: Exoltol|Exoltol, M|100\/100
|-start|p1a: :queen:|typechange|Poison\/Dark|[silent]
|-damage|p1a: :queen:|82\/100|[from] Spikes
|-damage|p2a: Exoltol|88\/100|[from] Spikes
|-start|p2a: Exoltol|typechange|Water\/Ground|[silent]
|raw|<ul class="utilichart"><li class="result"><span class="col pokemonnamecol" style="white-space: nowrap">Exoltol<\/span> <span class="col typecol"><img src="https:\/\/play.pokemonshowdown.com\/sprites\/types\/Water.png" alt="Water" height="14" width="32"><img src="https:\/\/play.pokemonshowdown.com\/sprites\/types\/Ground.png" alt="Ground" height="14" width="32"><\/span> <span style="float: left ; min-height: 26px"><span class="col abilitycol">No Ability<\/span><span class="col abilitycol"><\/span><\/span><\/li><li style="clear: both"><\/li><\/ul>
|raw|<ul class="utilichart"><li class="result"><span style="float: left ; min-height: 26px"><span class="col statcol"><em>HP<\/em><br>100<\/span> <span class="col statcol"><em>Atk<\/em><br>105<\/span> <span class="col statcol"><em>Def<\/em><br>95<\/span> <span class="col statcol"><em>SpA<\/em><br>70<\/span> <span class="col statcol"><em>SpD<\/em><br>70<\/span> <span class="col statcol"><em>Spe<\/em><br>45<\/span> <\/span><\/li><li style="clear: both"><\/li><\/ul>
|
|-heal|p1a: :queen:|88\/100|[from] item: Leftovers
|-heal|p2a: Exoltol|94\/100|[from] item: Leftovers
|upkeep
|turn|26
|c| amphamence|Holy guacamole!
|c| OREO PLAYS POKEMON|:O
|j|+Paul(paulluxx)
|c| hidin|Holy mackerel dude…
|j| spoo
|n| Ainzcrad|ashesteras
|l| spoo
|
|t:|1688753183
|switch|p1a: tpp without micciu|Steelix, M|32\/100
|-start|p1a: tpp without micciu|typechange|Steel\/Ground|[silent]
|-damage|p1a: tpp without micciu|19\/100|[from] Spikes
|switch|p2a: Zapdos|Zapdos|60\/100
|-start|p2a: Zapdos|typechange|Electric\/Flying|[silent]
|
|-heal|p2a: Zapdos|66\/100|[from] item: Leftovers
|-heal|p1a: tpp without micciu|26\/100|[from] item: Leftovers
|upkeep
|turn|27
|
|t:|1688753187
|move|p2a: Zapdos|Hidden Power|p1a: tpp without micciu
|-damage|p1a: tpp without micciu|2\/100
|move|p1a: tpp without micciu|Explosion|p2a: Zapdos
|-damage|p2a: Zapdos|0 fnt
|faint|p1a: tpp without micciu
|faint|p2a: Zapdos
|j| Micciu
|c| Micciu|OMG
|
|t:|1688753203
|switch|p2a: Exoltol|Exoltol, M|94\/100
|switch|p1a: :queen:|Skunking, M|88\/100
|-damage|p1a: :queen:|76\/100|[from] Spikes
|-start|p1a: :queen:|typechange|Poison\/Dark|[silent]
|-start|p2a: Exoltol|typechange|Water\/Ground|[silent]
|-damage|p2a: Exoltol|82\/100|[from] Spikes
|
|-heal|p1a: :queen:|82\/100|[from] item: Leftovers
|-heal|p2a: Exoltol|88\/100|[from] item: Leftovers
|upkeep
|turn|28
|c| amphamence|Spell C OML
|
|t:|1688753207
|move|p1a: :queen:|Explosion|p2a: Exoltol
|-crit|p2a: Exoltol
|-damage|p2a: Exoltol|0 fnt
|faint|p1a: :queen:
|faint|p2a: Exoltol
|
|t:|1688753212
|switch|p1a: spôrt quote|Zapdos|100\/100 slp
|switch|p2a: Exeggutor|Exeggutor, M|100\/100
|-start|p1a: spôrt quote|typechange|Electric\/Flying|[silent]
|-damage|p2a: Exeggutor|88\/100|[from] Spikes
|-start|p2a: Exeggutor|typechange|Grass\/Psychic|[silent]
|
|-heal|p2a: Exeggutor|100\/100|[from] item: Sevii Sundae (3)
|-item|p2a: Exeggutor|Sevii Sundae (2)|[from] item: Sevii Sundae
|upkeep
|turn|29
|c| hidin|Hold on.
|
|t:|1688753215
|cant|p1a: spôrt quote|slp
|move|p1a: spôrt quote|Sleep Talk|p1a: spôrt quote
|move|p1a: spôrt quote|Rest|p1a: spôrt quote|[from]Sleep Talk
|-fail|p1a: spôrt quote
|move|p2a: Exeggutor|Psychic|p1a: spôrt quote
|-damage|p1a: spôrt quote|68\/100 slp
|
|-heal|p1a: spôrt quote|74\/100 slp|[from] item: Leftovers
|-item|p2a: Exeggutor|Sevii Sundae (1)|[from] item: Sevii Sundae
|upkeep
|turn|30
|j| spoo
|
|t:|1688753221
|cant|p1a: spôrt quote|slp
|move|p1a: spôrt quote|Sleep Talk|p1a: spôrt quote
|move|p1a: spôrt quote|Rest|p1a: spôrt quote|[from]Sleep Talk
|-status|p1a: spôrt quote|slp|[from] move: Rest
|-heal|p1a: spôrt quote|100\/100 slp|[silent]
|move|p2a: Exeggutor|Psychic|p1a: spôrt quote
|-damage|p1a: spôrt quote|68\/100 slp
|
|-heal|p1a: spôrt quote|74\/100 slp|[from] item: Leftovers
|-enditem|p2a: Exeggutor|Sevii Sundae (1)
|upkeep
|turn|31
|
|t:|1688753225
|cant|p1a: spôrt quote|slp
|move|p1a: spôrt quote|Sleep Talk|p1a: spôrt quote
|move|p1a: spôrt quote|Thunder|p2a: Exeggutor|[from]Sleep Talk
|-resisted|p2a: Exeggutor
|-damage|p2a: Exeggutor|73\/100
|move|p2a: Exeggutor|Thief|p1a: spôrt quote
|-damage|p1a: spôrt quote|64\/100 slp
|-item|p2a: Exeggutor|Leftovers|[from] move: Thief|[of] p1a: spôrt quote
|
|-heal|p2a: Exeggutor|79\/100|[from] item: Leftovers
|upkeep
|turn|32
|
|t:|1688753232
|cant|p1a: spôrt quote|slp
|move|p1a: spôrt quote|Sleep Talk|p1a: spôrt quote
|move|p1a: spôrt quote|Hidden Power|p2a: Exeggutor|[from]Sleep Talk
|-supereffective|p2a: Exeggutor
|-damage|p2a: Exeggutor|37\/100
|move|p2a: Exeggutor|Psychic|p1a: spôrt quote
|-damage|p1a: spôrt quote|29\/100 slp
|
|-heal|p2a: Exeggutor|43\/100|[from] item: Leftovers
|upkeep
|turn|33
|
|t:|1688753242
|-curestatus|p1a: spôrt quote|slp|[msg]
|move|p1a: spôrt quote|Hidden Power|p2a: Exeggutor
|-supereffective|p2a: Exeggutor
|-damage|p2a: Exeggutor|0 fnt
|faint|p2a: Exeggutor
|
|win|spellcaster
|c|☆spellcaster|gg
|c| amphamence|.
</script>
</div>
<div class="battle-log battle-log-inline"><div class="inner"><div class="battle-options"></div><div class="inner message-log"><div class="chat"><div class="broadcast-red"><strong>This battle is invite-only!</strong><br>Users must be invited with <code>/invite</code> (or be staff) to join</div></div><div class="chat"><small>☆spellcaster and ☆BeeOrSomething joined</small></div><div class=""><small>Format:</small> <br><strong>[Gen 2] Crystal: Sevii Islands</strong></div><div class=""><small><em>Sleep Clause Mod:</em> Limit one foe put to sleep</small></div><div class=""><small><em>Freeze Clause Mod:</em> Limit one foe frozen</small></div><div class=""><small><em>Species Clause:</em> Limit one of each Pokémon</small></div><div class=""><small><em>OHKO Clause:</em> OHKO moves are banned</small></div><div class=""><small><em>Evasion Moves Clause:</em> Evasion moves are banned</small></div><div class=""><small><em>Endless Battle Clause:</em> Forcing endless battles is banned</small></div><div class=""><small><em>HP Percentage Mod:</em> HP is shown in percentages</small></div><div class="chat"><img src="https://www.smogon.com/forums/attachments/151df61d-7d50-438a-ac00-32f18fe1424b-png.395890/" width="381" height="212"></div><div class="spacer battle-history"><br></div><div class="battle-history"><small>Welcome to Crystal: Sevii Islands!</small><br></div><div class="battle-history"><small>This is a [Gen 2] OU-based format where we add new Fakemon, items, moves and even lore!</small><br></div><div class="battle-history"><small>You can find our spreadsheet with all the new additions here:</small><br></div><div class="battle-history"><small>https://docs.google.com/spreadsheets/d/1QL_789vTzxG8An43itUxPonK9ee7ezxH6GCR9dD_JyQ/edit?usp=sharing</small><br></div><div class="battle-history"><small>Good luck and have fun with your battle!</small><br></div><div class="spacer battle-history"><br></div><div class="battle-history">Battle started between spellcaster and BeeOrSomething!<br></div><div class="spacer battle-history"><br></div><div class="battle-history">Go! mana clicks tailgl (<strong>Snorlax</strong>)!<br></div><div class="spacer battle-history"><br></div><div class="battle-history">BeeOrSomething sent out <strong>Snorlax</strong>!<br></div><div class="chat"><ul class="utilichart"><li class="result"><span class="col pokemonnamecol">Snorlax</span> <span class="col typecol"><img src="https://play.pokemonshowdown.com/sprites/types/Normal.png" alt="Normal" width="32" height="14"></span> <span><span class="col abilitycol">Immunity / Thick Fat</span><span class="col abilitycol"></span></span></li><li></li></ul></div><div class="chat"><ul class="utilichart"><li class="result"><span><span class="col statcol"><em>HP</em><br>160</span> <span class="col statcol"><em>Atk</em><br>110</span> <span class="col statcol"><em>Def</em><br>65</span> <span class="col statcol"><em>SpA</em><br>65</span> <span class="col statcol"><em>SpD</em><br>110</span> <span class="col statcol"><em>Spe</em><br>30</span> </span></li><li></li></ul></div><div class="chat"><ul class="utilichart"><li class="result"><span class="col pokemonnamecol">Snorlax</span> <span class="col typecol"><img src="https://play.pokemonshowdown.com/sprites/types/Normal.png" alt="Normal" width="32" height="14"></span> <span><span class="col abilitycol">Immunity / Thick Fat</span><span class="col abilitycol"></span></span></li><li></li></ul></div><div class="chat"><ul class="utilichart"><li class="result"><span><span class="col statcol"><em>HP</em><br>160</span> <span class="col statcol"><em>Atk</em><br>110</span> <span class="col statcol"><em>Def</em><br>65</span> <span class="col statcol"><em>SpA</em><br>65</span> <span class="col statcol"><em>SpD</em><br>110</span> <span class="col statcol"><em>Spe</em><br>30</span> </span></li><li></li></ul></div><div class="spacer battle-history"><br></div><h2 class="battle-history">Turn 1</h2><div class="chat chatmessage-beeorsomething"><strong style="color:#79772a"><small>☆</small><span class="username" data-name="BeeOrSomething">BeeOrSomething</span>:</strong> <em>glhf</em></div><div class="chat chatmessage-spellcaster"><strong style="color:#899b41"><small>☆</small><span class="username" data-name="spellcaster">spellcaster</span>:</strong> <em>hf</em></div><div class="spacer battle-history"><br></div><div class="battle-history">mana clicks tailgl, come back!<br></div><div class="battle-history">Go! :pouss: (<strong>Cloyster</strong>)!<br></div><div class="chat"><ul class="utilichart"><li class="result"><span class="col pokemonnamecol">Cloyster</span> <span class="col typecol"><img src="https://play.pokemonshowdown.com/sprites/types/Water.png" alt="Water" width="32" height="14"><img src="https://play.pokemonshowdown.com/sprites/types/Ice.png" alt="Ice" width="32" height="14"></span> <span><span class="col abilitycol">Shell Armor / Skill Link</span><span class="col abilitycol"></span></span></li><li></li></ul></div><div class="chat"><ul class="utilichart"><li class="result"><span><span class="col statcol"><em>HP</em><br>50</span> <span class="col statcol"><em>Atk</em><br>95</span> <span class="col statcol"><em>Def</em><br>180</span> <span class="col statcol"><em>SpA</em><br>85</span> <span class="col statcol"><em>SpD</em><br>45</span> <span class="col statcol"><em>Spe</em><br>70</span> </span></li><li></li></ul></div><div class="spacer battle-history"><br></div><div class="battle-history">BeeOrSomething withdrew Snorlax!<br></div><div class="battle-history">BeeOrSomething sent out <strong>Cloyster</strong>!<br></div><div class="chat"><ul class="utilichart"><li class="result"><span class="col pokemonnamecol">Cloyster</span> <span class="col typecol"><img src="https://play.pokemonshowdown.com/sprites/types/Water.png" alt="Water" width="32" height="14"><img src="https://play.pokemonshowdown.com/sprites/types/Ice.png" alt="Ice" width="32" height="14"></span> <span><span class="col abilitycol">Shell Armor / Skill Link</span><span class="col abilitycol"></span></span></li><li></li></ul></div><div class="chat"><ul class="utilichart"><li class="result"><span><span class="col statcol"><em>HP</em><br>50</span> <span class="col statcol"><em>Atk</em><br>95</span> <span class="col statcol"><em>Def</em><br>180</span> <span class="col statcol"><em>SpA</em><br>85</span> <span class="col statcol"><em>SpD</em><br>45</span> <span class="col statcol"><em>Spe</em><br>70</span> </span></li><li></li></ul></div><div class="spacer battle-history"><br></div><h2 class="battle-history">Turn 2</h2><div class="spacer battle-history"><br></div><div class="battle-history">The opposing Cloyster used <strong>Toxic</strong>!<br></div><div class="battle-history"><small>:pouss: was badly poisoned!</small><br></div><div class="spacer battle-history"><br></div><div class="battle-history">:pouss: used <strong>Spikes</strong>!<br></div><div class="battle-history"><small>Spikes were scattered on the ground all around the opposing team!</small><br></div><div class="battle-history"><small>:pouss: was hurt by poison!</small><br></div><div class="spacer battle-history"><br></div><div class="battle-history"><small>:pouss: restored a little HP using its Leftovers!</small><br></div><div class="spacer battle-history"><br></div><h2 class="battle-history">Turn 3</h2><div class="chat"><div class="broadcast-blue"><strong>This room is no longer invite only!</strong><br>Anyone may now join.</div></div><div class="chat chatmessage-beeorsomething"><span class="message-log">BeeOrSomething turned off modjoin.</span></div><div class="spacer battle-history"><br></div><div class="battle-history">The opposing Cloyster used <strong>Spikes</strong>!<br></div><div class="battle-history"><small>Spikes were scattered on the ground all around your team!</small><br></div><div class="spacer battle-history"><br></div><div class="battle-history">:pouss: used <strong>Toxic</strong>!<br></div><div class="battle-history"><small>The opposing Cloyster was badly poisoned!</small><br></div><div class="battle-history"><small>:pouss: was hurt by poison!</small><br></div><div class="spacer battle-history"><br></div><div class="battle-history"><small>:pouss: restored a little HP using its Leftovers!</small><br></div><div class="spacer battle-history"><br></div><h2 class="battle-history">Turn 4</h2><div class="spacer battle-history"><br></div><div class="battle-history">BeeOrSomething withdrew Cloyster!<br></div><div class="battle-history">BeeOrSomething sent out <strong>Zapdos</strong>!<br></div><div class="chat"><ul class="utilichart"><li class="result"><span class="col pokemonnamecol">Zapdos</span> <span class="col typecol"><img src="https://play.pokemonshowdown.com/sprites/types/Electric.png" alt="Electric" width="32" height="14"><img src="https://play.pokemonshowdown.com/sprites/types/Flying.png" alt="Flying" width="32" height="14"></span> <span><span class="col abilitycol">Pressure</span><span class="col abilitycol"></span></span></li><li></li></ul></div><div class="chat"><ul class="utilichart"><li class="result"><span><span class="col statcol"><em>HP</em><br>90</span> <span class="col statcol"><em>Atk</em><br>90</span> <span class="col statcol"><em>Def</em><br>85</span> <span class="col statcol"><em>SpA</em><br>125</span> <span class="col statcol"><em>SpD</em><br>90</span> <span class="col statcol"><em>Spe</em><br>100</span> </span></li><li></li></ul></div><div class="spacer battle-history"><br></div><div class="battle-history">:pouss: used <strong>Surf</strong>!<br></div><div class="battle-history"><small>(The opposing Zapdos lost 31% of its health!)</small><br></div><div class="battle-history"><small>:pouss: was hurt by poison!</small><br></div><div class="spacer battle-history"><br></div><div class="battle-history"><small>The opposing Zapdos restored a little HP using its Leftovers!</small><br></div><div class="battle-history"><small>:pouss: restored a little HP using its Leftovers!</small><br></div><div class="spacer battle-history"><br></div><h2 class="battle-history">Turn 5</h2><div class="chat"><small> emma and  TPPetMod joined</small></div><div class="spacer battle-history"><br></div><div class="battle-history">:pouss:, come back!<br></div><div class="battle-history">Go! 85$ Prize (<strong>Altocumulos</strong>)!<br></div><div class="battle-history"><small>85$ Prize was hurt by the spikes!</small><br></div><div class="chat"><ul class="utilichart"><li class="result"><span class="col pokemonnamecol">Altocumulos</span> <span class="col typecol"><img src="https://play.pokemonshowdown.com/sprites/types/Dragon.png" alt="Dragon" width="32" height="14"><img src="https://play.pokemonshowdown.com/sprites/types/Cosmic.png" alt="Cosmic" width="32" height="14"></span> <span><span class="col abilitycol">No Ability</span><span class="col abilitycol"></span></span></li><li></li></ul></div><div class="chat"><ul class="utilichart"><li class="result"><span><span class="col statcol"><em>HP</em><br>80</span> <span class="col statcol"><em>Atk</em><br>80</span> <span class="col statcol"><em>Def</em><br>75</span> <span class="col statcol"><em>SpA</em><br>100</span> <span class="col statcol"><em>SpD</em><br>110</span> <span class="col statcol"><em>Spe</em><br>55</span> </span></li><li></li></ul></div><div class="spacer battle-history"><br></div><div class="battle-history">The opposing Zapdos used <strong>Thunder</strong>!<br></div><div class="battle-history"><small>A critical hit!</small><br></div><div class="battle-history"><small>It's not very effective...</small><br></div><div class="battle-history"><small>(85$ Prize lost 19% of its health!)</small><br></div><div class="battle-history"><small>85$ Prize is paralyzed! It may be unable to move!</small><br></div><div class="spacer battle-history"><br></div><div class="battle-history"><small>The opposing Zapdos restored a little HP using its Leftovers!</small><br></div><div class="battle-history"><small>85$ Prize restored a little HP using its Leftovers!</small><br></div><div class="spacer battle-history"><br></div><h2 class="battle-history">Turn 6</h2><div class="chat"><small> Ashes Teras and  OREO PLAYS POKEMON joined</small></div><div class="spacer battle-history"><br></div><div class="battle-history">BeeOrSomething withdrew Zapdos!<br></div><div class="battle-history">BeeOrSomething sent out <strong>Snorlax</strong>!<br></div><div class="battle-history"><small>The opposing Snorlax was hurt by the spikes!</small><br></div><div class="spacer battle-history"><br></div><div class="battle-history">85$ Prize is paralyzed! It can't move!<br></div><div class="spacer battle-history"><br></div><div class="battle-history"><small>The opposing Snorlax restored a little HP using its Leftovers!</small><br></div><div class="battle-history"><small>85$ Prize restored a little HP using its Leftovers!</small><br></div><div class="spacer battle-history"><br></div><h2 class="battle-history">Turn 7</h2><div class="spacer battle-history"><br></div><div class="battle-history">85$ Prize, come back!<br></div><div class="battle-history">Go! :pouss: (<strong>Cloyster</strong>)!<br></div><div class="battle-history"><small>:pouss: was hurt by the spikes!</small><br></div><div class="battle-history"><small>:pouss: was hurt by poison!</small><br></div><div class="spacer battle-history"><br></div><div class="battle-history">The opposing Snorlax used <strong>Double-Edge</strong>!<br></div><div class="battle-history"><small>(:pouss: lost 30% of its health!)</small><br></div><div class="battle-history"><small>The opposing Snorlax was damaged by the recoil!</small><br></div><div class="spacer battle-history"><br></div><div class="battle-history"><small>:pouss: restored a little HP using its Leftovers!</small><br></div><div class="battle-history"><small>The opposing Snorlax restored a little HP using its Leftovers!</small><br></div><div class="spacer battle-history"><br></div><h2 class="battle-history">Turn 8</h2><div class="spacer battle-history"><br></div><div class="battle-history">BeeOrSomething withdrew Snorlax!<br></div><div class="battle-history">BeeOrSomething sent out <strong>Cloyster</strong>!<br></div><div class="battle-history"><small>The opposing Cloyster was hurt by the spikes!</small><br></div><div class="battle-history"><small>The opposing Cloyster was hurt by poison!</small><br></div><div class="spacer battle-history"><br></div><div class="battle-history">:pouss: used <strong>Explosion</strong>!<br></div><div class="battle-history"><small>(The opposing Cloyster lost 76% of its health!)</small><br></div><div class="spacer battle-history"><br></div><div class="battle-history">:pouss: fainted!<br></div><div class="battle-history">The opposing Cloyster fainted!<br></div><div class="chat"><small>+Gekokeso and  amphamence joined</small></div><div class="spacer battle-history"><br></div><div class="battle-history">Go! mana clicks tailgl (<strong>Snorlax</strong>)!<br></div><div class="spacer battle-history"><br></div><div class="battle-history">BeeOrSomething sent out <strong>Exeggutor</strong>!<br></div><div class="chat"><ul class="utilichart"><li class="result"><span class="col pokemonnamecol">Exeggutor</span> <span class="col typecol"><img src="https://play.pokemonshowdown.com/sprites/types/Grass.png" alt="Grass" width="32" height="14"><img src="https://play.pokemonshowdown.com/sprites/types/Psychic.png" alt="Psychic" width="32" height="14"></span> <span><span class="col abilitycol">Chlorophyll</span><span class="col abilitycol"></span></span></li><li></li></ul></div><div class="chat"><ul class="utilichart"><li class="result"><span><span class="col statcol"><em>HP</em><br>95</span> <span class="col statcol"><em>Atk</em><br>95</span> <span class="col statcol"><em>Def</em><br>85</span> <span class="col statcol"><em>SpA</em><br>125</span> <span class="col statcol"><em>SpD</em><br>65</span> <span class="col statcol"><em>Spe</em><br>55</span> </span></li><li></li></ul></div><div class="battle-history"><small>The opposing Exeggutor was hurt by the spikes!</small><br></div><div class="battle-history"><small>mana clicks tailgl was hurt by the spikes!</small><br></div><div class="spacer battle-history"><br></div><div class="battle-history"><small>The opposing Exeggutor restored HP using its Sevii Sundae!</small><br></div><div class="battle-history"><small>The opposing Exeggutor obtained one Sevii Sundae (3).</small><br></div><div class="battle-history"><small>mana clicks tailgl restored a little HP using its Leftovers!</small><br></div><div class="spacer battle-history"><br></div><h2 class="battle-history">Turn 9</h2><div class="chat"><small> Lcaster joined</small></div><div class="spacer battle-history"><br></div><div class="battle-history">BeeOrSomething withdrew Exeggutor!<br></div><div class="battle-history">BeeOrSomething sent out <strong>Tyranitar</strong>!<br></div><div class="battle-history"><small>The opposing Tyranitar was hurt by the spikes!</small><br></div><div class="chat"><ul class="utilichart"><li class="result"><span class="col pokemonnamecol">Tyranitar</span> <span class="col typecol"><img src="https://play.pokemonshowdown.com/sprites/types/Rock.png" alt="Rock" width="32" height="14"><img src="https://play.pokemonshowdown.com/sprites/types/Dark.png" alt="Dark" width="32" height="14"></span> <span><span class="col abilitycol">Sand Stream</span><span class="col abilitycol"></span></span></li><li></li></ul></div><div class="chat"><ul class="utilichart"><li class="result"><span><span class="col statcol"><em>HP</em><br>100</span> <span class="col statcol"><em>Atk</em><br>134</span> <span class="col statcol"><em>Def</em><br>110</span> <span class="col statcol"><em>SpA</em><br>95</span> <span class="col statcol"><em>SpD</em><br>100</span> <span class="col statcol"><em>Spe</em><br>61</span> </span></li><li></li></ul></div><div class="spacer battle-history"><br></div><div class="battle-history">mana clicks tailgl, come back!<br></div><div class="battle-history">Go! :queen: (<strong>Skunking</strong>)!<br></div><div class="chat"><ul class="utilichart"><li class="result"><span class="col pokemonnamecol">Skunking</span> <span class="col typecol"><img src="https://play.pokemonshowdown.com/sprites/types/Poison.png" alt="Poison" width="32" height="14"><img src="https://play.pokemonshowdown.com/sprites/types/Dark.png" alt="Dark" width="32" height="14"></span> <span><span class="col abilitycol">No Ability</span><span class="col abilitycol"></span></span></li><li></li></ul></div><div class="chat"><ul class="utilichart"><li class="result"><span><span class="col statcol"><em>HP</em><br>97</span> <span class="col statcol"><em>Atk</em><br>80</span> <span class="col statcol"><em>Def</em><br>81</span> <span class="col statcol"><em>SpA</em><br>83</span> <span class="col statcol"><em>SpD</em><br>70</span> <span class="col statcol"><em>Spe</em><br>62</span> </span></li><li></li></ul></div><div class="battle-history"><small>:queen: was hurt by the spikes!</small><br></div><div class="spacer battle-history"><br></div><div class="battle-history"><small>:queen: restored a little HP using its Leftovers!</small><br></div><div class="battle-history"><small>The opposing Tyranitar restored a little HP using its Leftovers!</small><br></div><div class="spacer battle-history"><br></div><h2 class="battle-history">Turn 10</h2><div class="chat chatmessage-lcaster"><strong style="color:#759a42"><small> </small><span class="username" data-name="Lcaster">Lcaster</span>:</strong> <em>unprivate the game smh</em></div><div class="chat"><small> OREO_WARIO joined</small></div><div class="spacer battle-history"><br></div><div class="battle-history">:queen:, come back!<br></div><div class="battle-history">Go! tpp without micciu (<strong>Steelix</strong>)!<br></div><div class="chat"><ul class="utilichart"><li class="result"><span class="col pokemonnamecol">Steelix</span> <span class="col typecol"><img src="https://play.pokemonshowdown.com/sprites/types/Steel.png" alt="Steel" width="32" height="14"><img src="https://play.pokemonshowdown.com/sprites/types/Ground.png" alt="Ground" width="32" height="14"></span> <span><span class="col abilitycol">Rock Head / Sturdy</span><span class="col abilitycol"></span></span></li><li></li></ul></div><div class="chat"><ul class="utilichart"><li class="result"><span><span class="col statcol"><em>HP</em><br>75</span> <span class="col statcol"><em>Atk</em><br>85</span> <span class="col statcol"><em>Def</em><br>200</span> <span class="col statcol"><em>SpA</em><br>55</span> <span class="col statcol"><em>SpD</em><br>65</span> <span class="col statcol"><em>Spe</em><br>30</span> </span></li><li></li></ul></div><div class="battle-history"><small>tpp without micciu was hurt by the spikes!</small><br></div><div class="spacer battle-history"><br></div><div class="battle-history">The opposing Tyranitar used <strong>Earthquake</strong>!<br></div><div class="battle-history"><small>It's super effective!</small><br></div><div class="battle-history"><small>(tpp without micciu lost 33% of its health!)</small><br></div><div class="spacer battle-history"><br></div><div class="battle-history"><small>The opposing Tyranitar restored a little HP using its Leftovers!</small><br></div><div class="battle-history"><small>tpp without micciu restored a little HP using its Leftovers!</small><br></div><div class="spacer battle-history"><br></div><h2 class="battle-history">Turn 11</h2><div class="spacer battle-history"><br></div><div class="battle-history">The opposing Tyranitar used <strong>Fire Blast</strong>!<br></div><div class="battle-history"><small>The opposing Tyranitar's attack missed!</small><br></div><div class="spacer battle-history"><br></div><div class="battle-history">tpp without micciu used <strong>Earthquake</strong>!<br></div><div class="battle-history"><small>It's super effective!</small><br></div><div class="battle-history"><small>(The opposing Tyranitar lost 46% of its health!)</small><br></div><div class="spacer battle-history"><br></div><div class="battle-history"><small>The opposing Tyranitar restored a little HP using its Leftovers!</small><br></div><div class="battle-history"><small>tpp without micciu restored a little HP using its Leftovers!</small><br></div><div class="spacer battle-history"><br></div><h2 class="battle-history">Turn 12</h2><div class="chat"><small> Micciu, +Paul(paulluxx), +Monai, and  it's just sparks joined;  Micciu and +Paul(paulluxx) left</small></div><div class="spacer battle-history"><br></div><div class="battle-history">BeeOrSomething withdrew Tyranitar!<br></div><div class="battle-history">BeeOrSomething sent out <strong>Zapdos</strong>!<br></div><div class="spacer battle-history"><br></div><div class="battle-history">tpp without micciu, come back!<br></div><div class="battle-history">Go! spôrt quote (<strong>Zapdos</strong>)!<br></div><div class="chat"><ul class="utilichart"><li class="result"><span class="col pokemonnamecol">Zapdos</span> <span class="col typecol"><img src="https://play.pokemonshowdown.com/sprites/types/Electric.png" alt="Electric" width="32" height="14"><img src="https://play.pokemonshowdown.com/sprites/types/Flying.png" alt="Flying" width="32" height="14"></span> <span><span class="col abilitycol">Pressure</span><span class="col abilitycol"></span></span></li><li></li></ul></div><div class="chat"><ul class="utilichart"><li class="result"><span><span class="col statcol"><em>HP</em><br>90</span> <span class="col statcol"><em>Atk</em><br>90</span> <span class="col statcol"><em>Def</em><br>85</span> <span class="col statcol"><em>SpA</em><br>125</span> <span class="col statcol"><em>SpD</em><br>90</span> <span class="col statcol"><em>Spe</em><br>100</span> </span></li><li></li></ul></div><div class="spacer battle-history"><br></div><div class="battle-history"><small>The opposing Zapdos restored a little HP using its Leftovers!</small><br></div><div class="spacer battle-history"><br></div><h2 class="battle-history">Turn 13</h2><div class="spacer battle-history"><br></div><div class="battle-history">The opposing Zapdos used <strong>Thunder</strong>!<br></div><div class="battle-history"><small>(spôrt quote lost 47% of its health!)</small><br></div><div class="battle-history"><small>spôrt quote is paralyzed! It may be unable to move!</small><br></div><div class="spacer battle-history"><br></div><div class="battle-history">spôrt quote used <strong>Thunder</strong>!<br></div><div class="battle-history"><small>(The opposing Zapdos lost 52% of its health!)</small><br></div><div class="spacer battle-history"><br></div><div class="battle-history"><small>The opposing Zapdos restored a little HP using its Leftovers!</small><br></div><div class="battle-history"><small>spôrt quote restored a little HP using its Leftovers!</small><br></div><div class="spacer battle-history"><br></div><h2 class="battle-history">Turn 14</h2><div class="spacer battle-history"><br></div><div class="battle-history">BeeOrSomething withdrew Zapdos!<br></div><div class="battle-history">BeeOrSomething sent out <strong>Snorlax</strong>!<br></div><div class="battle-history"><small>The opposing Snorlax was hurt by the spikes!</small><br></div><div class="spacer battle-history"><br></div><div class="battle-history">spôrt quote used <strong>Rest</strong>!<br></div><div class="battle-history"><small>spôrt quote slept and became healthy!</small><br></div><div class="spacer battle-history"><br></div><div class="battle-history"><small>The opposing Snorlax restored a little HP using its Leftovers!</small><br></div><div class="spacer battle-history"><br></div><h2 class="battle-history">Turn 15</h2><div class="chat"><small>+Paul(paulluxx) joined</small></div><div class="spacer battle-history"><br></div><div class="battle-history">spôrt quote, come back!<br></div><div class="battle-history">Go! tpp without micciu (<strong>Steelix</strong>)!<br></div><div class="battle-history"><small>tpp without micciu was hurt by the spikes!</small><br></div><div class="spacer battle-history"><br></div><div class="battle-history">The opposing Snorlax used <strong>Double-Edge</strong>!<br></div><div class="battle-history"><small>It's not very effective...</small><br></div><div class="battle-history"><small>(tpp without micciu lost 12% of its health!)</small><br></div><div class="battle-history"><small>The opposing Snorlax was damaged by the recoil!</small><br></div><div class="spacer battle-history"><br></div><div class="battle-history"><small>The opposing Snorlax restored a little HP using its Leftovers!</small><br></div><div class="battle-history"><small>tpp without micciu restored a little HP using its Leftovers!</small><br></div><div class="spacer battle-history"><br></div><h2 class="battle-history">Turn 16</h2><div class="spacer battle-history"><br></div><div class="battle-history">BeeOrSomething withdrew Snorlax!<br></div><div class="battle-history">BeeOrSomething sent out <strong>Zapdos</strong>!<br></div><div class="spacer battle-history"><br></div><div class="battle-history">tpp without micciu used <strong>Roar</strong>!<br></div><div class="spacer battle-history"><br></div><div class="battle-history"><strong>Snorlax</strong> was dragged out!<br></div><div class="battle-history"><small>The opposing Snorlax was hurt by the spikes!</small><br></div><div class="spacer battle-history"><br></div><div class="battle-history"><small>tpp without micciu restored a little HP using its Leftovers!</small><br></div><div class="battle-history"><small>The opposing Snorlax restored a little HP using its Leftovers!</small><br></div><div class="spacer battle-history"><br></div><h2 class="battle-history">Turn 17</h2><div class="chat"><small> hidin joined</small></div><div class="spacer battle-history"><br></div><div class="battle-history">The opposing Snorlax used <strong>Earthquake</strong>!<br></div><div class="battle-history"><small>It's super effective!</small><br></div><div class="battle-history"><small>(tpp without micciu lost 29% of its health!)</small><br></div><div class="spacer battle-history"><br></div><div class="battle-history">tpp without micciu used <strong>Roar</strong>!<br></div><div class="spacer battle-history"><br></div><div class="battle-history"><strong>Zapdos</strong> was dragged out!<br></div><div class="spacer battle-history"><br></div><div class="battle-history"><small>The opposing Zapdos restored a little HP using its Leftovers!</small><br></div><div class="battle-history"><small>tpp without micciu restored a little HP using its Leftovers!</small><br></div><div class="spacer battle-history"><br></div><h2 class="battle-history">Turn 18</h2><div class="chat chatmessage-hidin"><strong style="color:#b43c4c"><small> </small><span class="username" data-name="hidin">hidin</span>:</strong> <em>lgi bee</em></div><div class="spacer battle-history"><br></div><div class="battle-history">tpp without micciu, come back!<br></div><div class="battle-history">Go! mana clicks tailgl (<strong>Snorlax</strong>)!<br></div><div class="battle-history"><small>mana clicks tailgl was hurt by the spikes!</small><br></div><div class="spacer battle-history"><br></div><div class="battle-history">The opposing Zapdos used <strong>Hidden Power</strong>!<br></div><div class="battle-history"><small>(mana clicks tailgl lost 11% of its health!)</small><br></div><div class="spacer battle-history"><br></div><div class="battle-history"><small>The opposing Zapdos restored a little HP using its Leftovers!</small><br></div><div class="battle-history"><small>mana clicks tailgl restored a little HP using its Leftovers!</small><br></div><div class="spacer battle-history"><br></div><h2 class="battle-history">Turn 19</h2><div class="chat"><small>+Paul(paulluxx) left</small></div><div class="spacer battle-history"><br></div><div class="battle-history">The opposing Zapdos used <strong>Thunder</strong>!<br></div><div class="battle-history"><small>(mana clicks tailgl lost 28% of its health!)</small><br></div><div class="spacer battle-history"><br></div><div class="battle-history">mana clicks tailgl used <strong>Curse</strong>!<br></div><div class="battle-history"><small>mana clicks tailgl's Speed fell!</small><br></div><div class="battle-history"><small>mana clicks tailgl's Attack rose!</small><br></div><div class="battle-history"><small>mana clicks tailgl's Defense rose!</small><br></div><div class="spacer battle-history"><br></div><div class="battle-history"><small>The opposing Zapdos restored a little HP using its Leftovers!</small><br></div><div class="battle-history"><small>mana clicks tailgl restored a little HP using its Leftovers!</small><br></div><div class="spacer battle-history"><br></div><h2 class="battle-history">Turn 20</h2><div class="spacer battle-history"><br></div><div class="battle-history">BeeOrSomething withdrew Zapdos!<br></div><div class="battle-history">BeeOrSomething sent out <strong>Tyranitar</strong>!<br></div><div class="battle-history"><small>The opposing Tyranitar was hurt by the spikes!</small><br></div><div class="spacer battle-history"><br></div><div class="battle-history">mana clicks tailgl used <strong>Double-Edge</strong>!<br></div><div class="battle-history"><small>It's not very effective...</small><br></div><div class="battle-history"><small>(The opposing Tyranitar lost 26% of its health!)</small><br></div><div class="battle-history"><small>mana clicks tailgl was damaged by the recoil!</small><br></div><div class="spacer battle-history"><br></div><div class="battle-history"><small>The opposing Tyranitar restored a little HP using its Leftovers!</small><br></div><div class="battle-history"><small>mana clicks tailgl restored a little HP using its Leftovers!</small><br></div><div class="spacer battle-history"><br></div><h2 class="battle-history">Turn 21</h2><div class="spacer battle-history"><br></div><div class="battle-history">The opposing Tyranitar used <strong>Boulder Rush</strong>!<br></div><div class="battle-history"><small>(mana clicks tailgl lost 26% of its health!)</small><br></div><div class="battle-history"><small>The opposing Tyranitar was damaged by the recoil!</small><br></div><div class="spacer battle-history"><br></div><div class="battle-history">mana clicks tailgl used <strong>Double-Edge</strong>!<br></div><div class="battle-history"><small>It's not very effective...</small><br></div><div class="battle-history"><small>(The opposing Tyranitar lost 11% of its health!)</small><br></div><div class="battle-history"><small>mana clicks tailgl was damaged by the recoil!</small><br></div><div class="spacer battle-history"><br></div><div class="battle-history">The opposing Tyranitar fainted!<br></div><div class="spacer battle-history"><br></div><div class="battle-history">BeeOrSomething sent out <strong>Snorlax</strong>!<br></div><div class="battle-history"><small>The opposing Snorlax was hurt by the spikes!</small><br></div><div class="spacer battle-history"><br></div><div class="battle-history"><small>The opposing Snorlax restored a little HP using its Leftovers!</small><br></div><div class="battle-history"><small>mana clicks tailgl restored a little HP using its Leftovers!</small><br></div><div class="spacer battle-history"><br></div><h2 class="battle-history">Turn 22</h2><div class="spacer battle-history"><br></div><div class="battle-history">The opposing Snorlax used <strong>Curse</strong>!<br></div><div class="battle-history"><small>The opposing Snorlax's Speed fell!</small><br></div><div class="battle-history"><small>The opposing Snorlax's Attack rose!</small><br></div><div class="battle-history"><small>The opposing Snorlax's Defense rose!</small><br></div><div class="spacer battle-history"><br></div><div class="battle-history">mana clicks tailgl used <strong>Rest</strong>!<br></div><div class="battle-history"><small>mana clicks tailgl slept and became healthy!</small><br></div><div class="spacer battle-history"><br></div><div class="battle-history"><small>The opposing Snorlax restored a little HP using its Leftovers!</small><br></div><div class="spacer battle-history"><br></div><h2 class="battle-history">Turn 23</h2><div class="spacer battle-history"><br></div><div class="battle-history">The opposing Snorlax used <strong>Double-Edge</strong>!<br></div><div class="battle-history"><small>(mana clicks tailgl lost 40% of its health!)</small><br></div><div class="battle-history"><small>The opposing Snorlax was damaged by the recoil!</small><br></div><div class="spacer battle-history"><br></div><div class="battle-history">mana clicks tailgl is fast asleep.<br></div><div class="spacer battle-history"><br></div><div class="battle-history">mana clicks tailgl used <strong>Sleep Talk</strong>!<br></div><div class="spacer battle-history"><br></div><div class="battle-history">mana clicks tailgl used <strong>Double-Edge</strong>!<br></div><div class="battle-history"><small>(The opposing Snorlax lost 35% of its health!)</small><br></div><div class="battle-history"><small>mana clicks tailgl was damaged by the recoil!</small><br></div><div class="spacer battle-history"><br></div><div class="battle-history"><small>mana clicks tailgl restored a little HP using its Leftovers!</small><br></div><div class="battle-history"><small>The opposing Snorlax restored a little HP using its Leftovers!</small><br></div><div class="spacer battle-history"><br></div><h2 class="battle-history">Turn 24</h2><div class="spacer battle-history"><br></div><div class="battle-history">mana clicks tailgl is fast asleep.<br></div></div><div class="inner-preempt message-log"></div></div></div>
</div>
<script>
let daily = Math.floor(Date.now()/1000/60/60/24);document.write('<script src="https://play.pokemonshowdown.com/js/replay-embed.js?version'+daily+'"></'+'script>');
</script>
