<!DOCTYPE html>
<meta charset="utf-8" />
<!-- version 1 -->
<title>[Gen 8] Alternatium EX replay: Ainzcrad vs. Irly</title>
<style>
html,body {font-family:Verdana, sans-serif;font-size:10pt;margin:0;padding:0;}body{padding:12px 0;} .battle-log {font-family:Verdana, sans-serif;font-size:10pt;} .battle-log-inline {border:1px solid #AAAAAA;background:#EEF2F5;color:black;max-width:640px;margin:0 auto 80px;padding-bottom:5px;} .battle-log .inner {padding:4px 8px 0px 8px;} .battle-log .inner-preempt {padding:0 8px 4px 8px;} .battle-log .inner-after {margin-top:0.5em;} .battle-log h2 {margin:0.5em -8px;padding:4px 8px;border:1px solid #AAAAAA;background:#E0E7EA;border-left:0;border-right:0;font-family:Verdana, sans-serif;font-size:13pt;} .battle-log .chat {vertical-align:middle;padding:3px 0 3px 0;font-size:8pt;} .battle-log .chat strong {color:#40576A;} .battle-log .chat em {padding:1px 4px 1px 3px;color:#000000;font-style:normal;} .chat.mine {background:rgba(0,0,0,0.05);margin-left:-8px;margin-right:-8px;padding-left:8px;padding-right:8px;} .spoiler {color:#BBBBBB;background:#BBBBBB;padding:0px 3px;} .spoiler:hover, .spoiler:active, .spoiler-shown {color:#000000;background:#E2E2E2;padding:0px 3px;} .spoiler a {color:#BBBBBB;} .spoiler:hover a, .spoiler:active a, .spoiler-shown a {color:#2288CC;} .chat code, .chat .spoiler:hover code, .chat .spoiler:active code, .chat .spoiler-shown code {border:1px solid #C0C0C0;background:#EEEEEE;color:black;padding:0 2px;} .chat .spoiler code {border:1px solid #CCCCCC;background:#CCCCCC;color:#CCCCCC;} .battle-log .rated {padding:3px 4px;} .battle-log .rated strong {color:white;background:#89A;padding:1px 4px;border-radius:4px;} .spacer {margin-top:0.5em;} .message-announce {background:#6688AA;color:white;padding:1px 4px 2px;} .message-announce a, .broadcast-green a, .broadcast-blue a, .broadcast-red a {color:#DDEEFF;} .broadcast-green {background-color:#559955;color:white;padding:2px 4px;} .broadcast-blue {background-color:#6688AA;color:white;padding:2px 4px;} .infobox {border:1px solid #6688AA;padding:2px 4px;} .infobox-limited {max-height:200px;overflow:auto;overflow-x:hidden;} .broadcast-red {background-color:#AA5544;color:white;padding:2px 4px;} .message-learn-canlearn {font-weight:bold;color:#228822;text-decoration:underline;} .message-learn-cannotlearn {font-weight:bold;color:#CC2222;text-decoration:underline;} .message-effect-weak {font-weight:bold;color:#CC2222;} .message-effect-resist {font-weight:bold;color:#6688AA;} .message-effect-immune {font-weight:bold;color:#666666;} .message-learn-list {margin-top:0;margin-bottom:0;} .message-throttle-notice, .message-error {color:#992222;} .message-overflow, .chat small.message-overflow {font-size:0pt;} .message-overflow::before {font-size:9pt;content:'...';} .subtle {color:#3A4A66;}
</style>
<div class="wrapper replay-wrapper" style="max-width:1180px;margin:0 auto">
<input type="hidden" name="replayid" value="dragonheaven-gen8alternatiumex-15" />
<div class="battle"></div><div class="battle-log"></div><div class="replay-controls"></div><div class="replay-controls-2"></div>
<h1 style="font-weight:normal;text-align:center"><strong>[Gen 8] Alternatium EX</strong><br /><a href="http://pokemonshowdown.com/users/ainzcrad" class="subtle" target="_blank">Ainzcrad</a> vs. <a href="http://pokemonshowdown.com/users/irly" class="subtle" target="_blank">Irly</a></h1>
<script type="text/plain" class="battle-log-data">|j|☆Ainzcrad

|j|☆Irly
|t:|1686945559
|player|p1|Ainzcrad|winona-gen6|
|player|p2|Irly|1|
|teamsize|p1|6
|teamsize|p2|6
|gametype|singles
|gen|9
|tier|[Gen 8] Alternatium EX
|clearpoke
|poke|p1|Mistlegant, F|
|poke|p1|Urshifu-Erosion, F|
|poke|p1|Bennutres, M|
|poke|p1|Decidueye-Autumn, F|
|poke|p1|Wishiwashi-Lonesome, F|
|poke|p1|Araquanid-Totem, M|
|poke|p2|Calyrex-Mythic|
|poke|p2|Urshifu, F|
|poke|p2|Greninja-Ronin, F|
|poke|p2|Electrode-Ringo|
|poke|p2|Basculin-Skyship, M|
|poke|p2|Totemaru, F|
|rule|HP Percentage Mod: HP is shown in percentages
|rule|Endless Battle Clause: Forcing endless battles is banned
|rule|OHKO Clause: OHKO moves are banned
|rule|Evasion Moves Clause: Evasion moves are banned
|rule|Dynamax Clause: You cannot dynamax
|rule|Sleep Clause Mod: Limit one foe put to sleep
|rule|Z-Move Clause: Z-Moves are banned
|teampreview
|c|☆Ainzcrad|hf
|c|☆Irly|u2
|j| BeeOrSomething
|j| ALTSEX
|c| ALTSEX|Alt Sex Tournament Game ?
|j|+Not mossy
|j| hidin
|c| hidin|why do i see a ground type shifu
|
|t:|1686945682
|start
|switch|p1a: Decidueye-Autumn|Decidueye-Autumn, F|301\/301
|switch|p2a: Electrode-Ringo|Electrode-Ringo|100\/100
|-start|p1a: Decidueye-Autumn|typechange|Fire\/Fighting|[silent]
|raw|<ul class="utilichart"><li class="result"><span class="col pokemonnamecol" style="white-space: nowrap">Decidueye-Autumn<\/span> <span class="col typecol"><img src="https:\/\/play.pokemonshowdown.com\/sprites\/types\/Fire.png" alt="Fire" height="14" width="32"><img src="https:\/\/play.pokemonshowdown.com\/sprites\/types\/Fighting.png" alt="Fighting" height="14" width="32"><\/span> <span style="float: left ; min-height: 26px"><span class="col abilitycol">Moxie \/ Victory Star<\/span><span class="col abilitycol"><\/span><\/span><\/li><li style="clear: both"><\/li><\/ul>
|raw|<ul class="utilichart"><li class="result"><span style="float: left ; min-height: 26px"><span class="col statcol"><em>HP<\/em><br>80<\/span> <span class="col statcol"><em>Atk<\/em><br>110<\/span> <span class="col statcol"><em>Def<\/em><br>70<\/span> <span class="col statcol"><em>SpA<\/em><br>110<\/span> <span class="col statcol"><em>SpD<\/em><br>70<\/span> <span class="col statcol"><em>Spe<\/em><br>105<\/span> <\/span><\/li><li style="clear: both"><\/li><\/ul>
|-start|p2a: Electrode-Ringo|typechange|Electric\/Grass|[silent]
|raw|<ul class="utilichart"><li class="result"><span class="col pokemonnamecol" style="white-space: nowrap">Electrode-Ringo<\/span> <span class="col typecol"><img src="https:\/\/play.pokemonshowdown.com\/sprites\/types\/Electric.png" alt="Electric" height="14" width="32"><img src="https:\/\/play.pokemonshowdown.com\/sprites\/types\/Grass.png" alt="Grass" height="14" width="32"><\/span> <span style="float: left ; min-height: 26px"><span class="col abilitycol">Harvest \/ Regenerator \/ Aftermath<\/span><span class="col abilitycol"><\/span><\/span><\/li><li style="clear: both"><\/li><\/ul>
|raw|<ul class="utilichart"><li class="result"><span style="float: left ; min-height: 26px"><span class="col statcol"><em>HP<\/em><br>80<\/span> <span class="col statcol"><em>Atk<\/em><br>105<\/span> <span class="col statcol"><em>Def<\/em><br>75<\/span> <span class="col statcol"><em>SpA<\/em><br>95<\/span> <span class="col statcol"><em>SpD<\/em><br>70<\/span> <span class="col statcol"><em>Spe<\/em><br>125<\/span> <\/span><\/li><li style="clear: both"><\/li><\/ul>
|turn|1
|
|t:|1686945694
|move|p1a: Decidueye-Autumn|U-turn|p2a: Electrode-Ringo
|-supereffective|p2a: Electrode-Ringo
|-damage|p2a: Electrode-Ringo|41\/100
|
|t:|1686945697
|switch|p1a: Bennutres|Bennutres, M|374\/374
|-start|p1a: Bennutres|typechange|Dark\/Grass|[silent]
|raw|<ul class="utilichart"><li class="result"><span class="col pokemonnamecol" style="white-space: nowrap">Bennutres<\/span> <span class="col typecol"><img src="https:\/\/play.pokemonshowdown.com\/sprites\/types\/Dark.png" alt="Dark" height="14" width="32"><img src="https:\/\/play.pokemonshowdown.com\/sprites\/types\/Grass.png" alt="Grass" height="14" width="32"><\/span> <span style="float: left ; min-height: 26px"><span class="col abilitycol">Flash Fire<\/span><span class="col abilitycol"><\/span><\/span><\/li><li style="clear: both"><\/li><\/ul>
|raw|<ul class="utilichart"><li class="result"><span style="float: left ; min-height: 26px"><span class="col statcol"><em>HP<\/em><br>85<\/span> <span class="col statcol"><em>Atk<\/em><br>120<\/span> <span class="col statcol"><em>Def<\/em><br>80<\/span> <span class="col statcol"><em>SpA<\/em><br>75<\/span> <span class="col statcol"><em>SpD<\/em><br>95<\/span> <span class="col statcol"><em>Spe<\/em><br>90<\/span> <\/span><\/li><li style="clear: both"><\/li><\/ul>
|move|p2a: Electrode-Ringo|Volt Switch|p1a: Bennutres
|-resisted|p1a: Bennutres
|-damage|p1a: Bennutres|315\/374
|
|t:|1686945708
|switch|p2a: Calyrex-Mythic|Calyrex-Mythic|100\/100|[from]move: Volt Switch
|-start|p2a: Calyrex-Mythic|typechange|Dragon\/Fairy|[silent]
|raw|<ul class="utilichart"><li class="result"><span class="col pokemonnamecol" style="white-space: nowrap">Calyrex-Mythic<\/span> <span class="col typecol"><img src="https:\/\/play.pokemonshowdown.com\/sprites\/types\/Dragon.png" alt="Dragon" height="14" width="32"><img src="https:\/\/play.pokemonshowdown.com\/sprites\/types\/Fairy.png" alt="Fairy" height="14" width="32"><\/span> <span style="float: left ; min-height: 26px"><span class="col abilitycol">Dazzling \/ Aroma Veil \/ Rubber Armor<\/span><span class="col abilitycol"><\/span><\/span><\/li><li style="clear: both"><\/li><\/ul>
|raw|<ul class="utilichart"><li class="result"><span style="float: left ; min-height: 26px"><span class="col statcol"><em>HP<\/em><br>100<\/span> <span class="col statcol"><em>Atk<\/em><br>90<\/span> <span class="col statcol"><em>Def<\/em><br>90<\/span> <span class="col statcol"><em>SpA<\/em><br>90<\/span> <span class="col statcol"><em>SpD<\/em><br>90<\/span> <span class="col statcol"><em>Spe<\/em><br>80<\/span> <\/span><\/li><li style="clear: both"><\/li><\/ul>
|-ability|p2a: Calyrex-Mythic|Rubber Armor
|
|upkeep
|turn|2
|
|t:|1686945720
|switch|p1a: Araquanid-Totem|Araquanid-Totem, M|372\/372
|-start|p1a: Araquanid-Totem|typechange|Poison\/Flying|[silent]
|raw|<ul class="utilichart"><li class="result"><span class="col pokemonnamecol" style="white-space: nowrap">Araquanid-Totem<\/span> <span class="col typecol"><img src="https:\/\/play.pokemonshowdown.com\/sprites\/types\/Poison.png" alt="Poison" height="14" width="32"><img src="https:\/\/play.pokemonshowdown.com\/sprites\/types\/Flying.png" alt="Flying" height="14" width="32"><\/span> <span style="float: left ; min-height: 26px"><span class="col abilitycol">Water Bubble \/ Water Absorb<\/span><span class="col abilitycol"><\/span><\/span><\/li><li style="clear: both"><\/li><\/ul>
|raw|<ul class="utilichart"><li class="result"><span style="float: left ; min-height: 26px"><span class="col statcol"><em>HP<\/em><br>84<\/span> <span class="col statcol"><em>Atk<\/em><br>65<\/span> <span class="col statcol"><em>Def<\/em><br>122<\/span> <span class="col statcol"><em>SpA<\/em><br>110<\/span> <span class="col statcol"><em>SpD<\/em><br>87<\/span> <span class="col statcol"><em>Spe<\/em><br>57<\/span> <\/span><\/li><li style="clear: both"><\/li><\/ul>
|move|p2a: Calyrex-Mythic|Will-O-Wisp|p1a: Araquanid-Totem
|-immune|p1a: Araquanid-Totem|[from] ability: Water Bubble
|
|upkeep
|turn|3
|raw|<ul class="utilichart"><li class="result"><span class="col namecol"><a href="https:\/\/dex.pokemonshowdown.com\/abilities\/rubberarmor">Rubber Armor<\/a><\/span> <span class="col abilitydesccol">Negates opponent's abilities when targeted by an attacking move.<\/span> <\/li><li style="clear:both"><\/li><\/ul>
|raw|<font size="1"><font color="#686868">Gen:<\/font> 0<\/font>

|
|t:|1686945741
|switch|p2a: Electrode-Ringo|Electrode-Ringo|74\/100
|-start|p2a: Electrode-Ringo|typechange|Electric\/Grass|[silent]
|move|p1a: Araquanid-Totem|Scald|p2a: Electrode-Ringo
|-resisted|p2a: Electrode-Ringo
|-damage|p2a: Electrode-Ringo|43\/100
|
|upkeep
|turn|4
|
|t:|1686945747
|switch|p1a: Bennutres|Bennutres, M|315\/374
|-start|p1a: Bennutres|typechange|Dark\/Grass|[silent]
|move|p2a: Electrode-Ringo|Volt Switch|p1a: Bennutres
|-resisted|p1a: Bennutres
|-damage|p1a: Bennutres|261\/374
|
|t:|1686945755
|switch|p2a: Basculin-Skyship|Basculin-Skyship, M|100\/100|[from]move: Volt Switch
|-start|p2a: Basculin-Skyship|typechange|Flying\/Steel|[silent]
|raw|<ul class="utilichart"><li class="result"><span class="col pokemonnamecol" style="white-space: nowrap">Basculin-Skyship<\/span> <span class="col typecol"><img src="https:\/\/play.pokemonshowdown.com\/sprites\/types\/Flying.png" alt="Flying" height="14" width="32"><img src="https:\/\/play.pokemonshowdown.com\/sprites\/types\/Steel.png" alt="Steel" height="14" width="32"><\/span> <span style="float: left ; min-height: 26px"><span class="col abilitycol">Gale Wings \/ Light Metal \/ Sky Breach<\/span><span class="col abilitycol"><\/span><\/span><\/li><li style="clear: both"><\/li><\/ul>
|raw|<ul class="utilichart"><li class="result"><span style="float: left ; min-height: 26px"><span class="col statcol"><em>HP<\/em><br>70<\/span> <span class="col statcol"><em>Atk<\/em><br>92<\/span> <span class="col statcol"><em>Def<\/em><br>65<\/span> <span class="col statcol"><em>SpA<\/em><br>80<\/span> <span class="col statcol"><em>SpD<\/em><br>55<\/span> <span class="col statcol"><em>Spe<\/em><br>118<\/span> <\/span><\/li><li style="clear: both"><\/li><\/ul>
|
|upkeep
|turn|5
|
|t:|1686945766
|switch|p1a: Araquanid-Totem|Araquanid-Totem, M|372\/372
|-start|p1a: Araquanid-Totem|typechange|Poison\/Flying|[silent]
|move|p2a: Basculin-Skyship|U-turn|p1a: Araquanid-Totem
|-resisted|p1a: Araquanid-Totem
|-crit|p1a: Araquanid-Totem
|-damage|p1a: Araquanid-Totem|348\/372
|
|t:|1686945771
|switch|p2a: Electrode-Ringo|Electrode-Ringo|76\/100|[from]move: U-turn
|-start|p2a: Electrode-Ringo|typechange|Electric\/Grass|[silent]
|
|upkeep
|turn|6
|
|t:|1686945779
|switch|p1a: Bennutres|Bennutres, M|261\/374
|-start|p1a: Bennutres|typechange|Dark\/Grass|[silent]
|move|p2a: Electrode-Ringo|Volt Switch|p1a: Bennutres
|-resisted|p1a: Bennutres
|-damage|p1a: Bennutres|200\/374
|
|t:|1686945782
|switch|p2a: Basculin-Skyship|Basculin-Skyship, M|100\/100|[from]move: Volt Switch
|-start|p2a: Basculin-Skyship|typechange|Flying\/Steel|[silent]
|
|upkeep
|turn|7
|
|t:|1686945786
|switch|p1a: Wishiwashi-Lonesom|Wishiwashi-Lonesome, F|311\/311
|-start|p1a: Wishiwashi-Lonesom|typechange|Steel\/Ghost|[silent]
|raw|<ul class="utilichart"><li class="result"><span class="col pokemonnamecol" style="white-space: nowrap">Wishiwashi-Lonesome<\/span> <span class="col typecol"><img src="https:\/\/play.pokemonshowdown.com\/sprites\/types\/Steel.png" alt="Steel" height="14" width="32"><img src="https:\/\/play.pokemonshowdown.com\/sprites\/types\/Ghost.png" alt="Ghost" height="14" width="32"><\/span> <span style="float: left ; min-height: 26px"><span class="col abilitycol">Run Away \/ Rattled \/ Supreme Overlord<\/span><span class="col abilitycol"><\/span><\/span><\/li><li style="clear: both"><\/li><\/ul>
|raw|<ul class="utilichart"><li class="result"><span style="float: left ; min-height: 26px"><span class="col statcol"><em>HP<\/em><br>85<\/span> <span class="col statcol"><em>Atk<\/em><br>70<\/span> <span class="col statcol"><em>Def<\/em><br>70<\/span> <span class="col statcol"><em>SpA<\/em><br>95<\/span> <span class="col statcol"><em>SpD<\/em><br>72<\/span> <span class="col statcol"><em>Spe<\/em><br>123<\/span> <\/span><\/li><li style="clear: both"><\/li><\/ul>
|move|p2a: Basculin-Skyship|Liquidation|p1a: Wishiwashi-Lonesom
|-resisted|p1a: Wishiwashi-Lonesom
|-damage|p1a: Wishiwashi-Lonesom|181\/311
|
|upkeep
|turn|8
|raw|<ul class="utilichart"><li class="result"><span class="col namecol"><a href="https:\/\/dex.pokemonshowdown.com\/abilities\/skybreach">Sky Breach<\/a><\/span> <span class="col abilitydesccol">This Pokemon's Water-type moves become Flying-type.<\/span> <\/li><li style="clear:both"><\/li><\/ul>
|raw|<font size="1"><font color="#686868">Gen:<\/font> 0<\/font>

|
|t:|1686945813
|switch|p2a: Urshifu|Urshifu, F|100\/100
|-start|p2a: Urshifu|typechange|Dark\/Ground|[silent]
|raw|<ul class="utilichart"><li class="result"><span class="col pokemonnamecol" style="white-space: nowrap">Urshifu<\/span> <span class="col typecol"><img src="https:\/\/play.pokemonshowdown.com\/sprites\/types\/Dark.png" alt="Dark" height="14" width="32"><img src="https:\/\/play.pokemonshowdown.com\/sprites\/types\/Ground.png" alt="Ground" height="14" width="32"><\/span> <span style="float: left ; min-height: 26px"><span class="col abilitycol">Sand Force \/ Unseen Fist \/ Rough Skin<\/span><span class="col abilitycol"><\/span><\/span><\/li><li style="clear: both"><\/li><\/ul>
|raw|<ul class="utilichart"><li class="result"><span style="float: left ; min-height: 26px"><span class="col statcol"><em>HP<\/em><br>85<\/span> <span class="col statcol"><em>Atk<\/em><br>115<\/span> <span class="col statcol"><em>Def<\/em><br>130<\/span> <span class="col statcol"><em>SpA<\/em><br>63<\/span> <span class="col statcol"><em>SpD<\/em><br>90<\/span> <span class="col statcol"><em>Spe<\/em><br>72<\/span> <\/span><\/li><li style="clear: both"><\/li><\/ul>
|move|p1a: Wishiwashi-Lonesom|Flash Cannon|p2a: Urshifu
|-damage|p2a: Urshifu|48\/100
|
|-heal|p2a: Urshifu|55\/100|[from] item: Leftovers
|upkeep
|turn|9
|
|t:|1686945821
|-end|p1a: Wishiwashi-Lonesom|fallenundefined|[silent]
|switch|p1a: Urshifu-Erosion|Urshifu-Erosion, F|414\/414
|-start|p1a: Urshifu-Erosion|typechange|Water|[silent]
|raw|<ul class="utilichart"><li class="result"><span class="col pokemonnamecol" style="white-space: nowrap">Urshifu-Erosion<\/span> <span class="col typecol"><img src="https:\/\/play.pokemonshowdown.com\/sprites\/types\/Water.png" alt="Water" height="14" width="32"><\/span> <span style="float: left ; min-height: 26px"><span class="col abilitycol">Magic Guard<\/span><span class="col abilitycol"><\/span><\/span><\/li><li style="clear: both"><\/li><\/ul>
|raw|<ul class="utilichart"><li class="result"><span style="float: left ; min-height: 26px"><span class="col statcol"><em>HP<\/em><br>105<\/span> <span class="col statcol"><em>Atk<\/em><br>95<\/span> <span class="col statcol"><em>Def<\/em><br>80<\/span> <span class="col statcol"><em>SpA<\/em><br>90<\/span> <span class="col statcol"><em>SpD<\/em><br>85<\/span> <span class="col statcol"><em>Spe<\/em><br>70<\/span> <\/span><\/li><li style="clear: both"><\/li><\/ul>
|switch|p2a: Totemaru|Totemaru, F|100\/100
|-start|p2a: Totemaru|typechange|Fire\/Poison|[silent]
|raw|<ul class="utilichart"><li class="result"><span class="col pokemonnamecol" style="white-space: nowrap">Totemaru<\/span> <span class="col typecol"><img src="https:\/\/play.pokemonshowdown.com\/sprites\/types\/Fire.png" alt="Fire" height="14" width="32"><img src="https:\/\/play.pokemonshowdown.com\/sprites\/types\/Poison.png" alt="Poison" height="14" width="32"><\/span> <span style="float: left ; min-height: 26px"><span class="col abilitycol">Roll Romp \/ Blaze<\/span><span class="col abilitycol"><\/span><\/span><\/li><li style="clear: both"><\/li><\/ul>
|raw|<ul class="utilichart"><li class="result"><span style="float: left ; min-height: 26px"><span class="col statcol"><em>HP<\/em><br>90<\/span> <span class="col statcol"><em>Atk<\/em><br>127<\/span> <span class="col statcol"><em>Def<\/em><br>70<\/span> <span class="col statcol"><em>SpA<\/em><br>65<\/span> <span class="col statcol"><em>SpD<\/em><br>73<\/span> <span class="col statcol"><em>Spe<\/em><br>90<\/span> <\/span><\/li><li style="clear: both"><\/li><\/ul>
|
|upkeep
|turn|10
|
|t:|1686945828
|switch|p2a: Electrode-Ringo|Electrode-Ringo|100\/100
|-start|p2a: Electrode-Ringo|typechange|Electric\/Grass|[silent]
|move|p1a: Urshifu-Erosion|Stealth Rock|p2a: Electrode-Ringo
|-sidestart|p2: Irly|move: Stealth Rock
|
|upkeep
|turn|11
|
|t:|1686945833
|move|p2a: Electrode-Ringo|Volt Switch|p1a: Urshifu-Erosion
|-supereffective|p1a: Urshifu-Erosion
|-damage|p1a: Urshifu-Erosion|96\/414
|
|t:|1686945840
|switch|p2a: Calyrex-Mythic|Calyrex-Mythic|100\/100|[from]move: Volt Switch
|-start|p2a: Calyrex-Mythic|typechange|Dragon\/Fairy|[silent]
|-damage|p2a: Calyrex-Mythic|88\/100|[from] Stealth Rock
|-ability|p2a: Calyrex-Mythic|Rubber Armor
|move|p1a: Urshifu-Erosion|Recover|p1a: Urshifu-Erosion
|-heal|p1a: Urshifu-Erosion|303\/414
|
|-heal|p2a: Calyrex-Mythic|94\/100|[from] item: Leftovers
|-heal|p1a: Urshifu-Erosion|328\/414|[from] item: Leftovers
|upkeep
|turn|12
|
|t:|1686945844
|move|p2a: Calyrex-Mythic|Defog|p1a: Urshifu-Erosion
|-unboost|p1a: Urshifu-Erosion|evasion|1
|-sideend|p2: Irly|Stealth Rock|[from] move: Defog|[of] p2a: Calyrex-Mythic
|move|p1a: Urshifu-Erosion|U-turn|p2a: Calyrex-Mythic
|-resisted|p2a: Calyrex-Mythic
|-damage|p2a: Calyrex-Mythic|87\/100
|
|t:|1686945846
|switch|p1a: Mistlegant|Mistlegant, F|281\/281
|-start|p1a: Mistlegant|typechange|Grass\/Ice|[silent]
|raw|<ul class="utilichart"><li class="result"><span class="col pokemonnamecol" style="white-space: nowrap">Mistlegant<\/span> <span class="col typecol"><img src="https:\/\/play.pokemonshowdown.com\/sprites\/types\/Grass.png" alt="Grass" height="14" width="32"><img src="https:\/\/play.pokemonshowdown.com\/sprites\/types\/Ice.png" alt="Ice" height="14" width="32"><\/span> <span style="float: left ; min-height: 26px"><span class="col abilitycol">Victory Star \/ Mountaineer \/ Competitive<\/span><span class="col abilitycol"><\/span><\/span><\/li><li style="clear: both"><\/li><\/ul>
|raw|<ul class="utilichart"><li class="result"><span style="float: left ; min-height: 26px"><span class="col statcol"><em>HP<\/em><br>70<\/span> <span class="col statcol"><em>Atk<\/em><br>75<\/span> <span class="col statcol"><em>Def<\/em><br>75<\/span> <span class="col statcol"><em>SpA<\/em><br>115<\/span> <span class="col statcol"><em>SpD<\/em><br>75<\/span> <span class="col statcol"><em>Spe<\/em><br>130<\/span> <\/span><\/li><li style="clear: both"><\/li><\/ul>
|
|-heal|p2a: Calyrex-Mythic|94\/100|[from] item: Leftovers
|upkeep
|turn|13
|
|t:|1686945856
|switch|p2a: Totemaru|Totemaru, F|100\/100
|-start|p2a: Totemaru|typechange|Fire\/Poison|[silent]
|move|p1a: Mistlegant|Ice Beam|p2a: Totemaru
|-resisted|p2a: Totemaru
|-damage|p2a: Totemaru|60\/100
|-damage|p1a: Mistlegant|253\/281|[from] item: Life Orb
|
|upkeep
|turn|14
|
|t:|1686945874
|switch|p1a: Decidueye-Autumn|Decidueye-Autumn, F|301\/301
|-start|p1a: Decidueye-Autumn|typechange|Fire\/Fighting|[silent]
|move|p2a: Totemaru|U-turn|p1a: Decidueye-Autumn
|-resisted|p1a: Decidueye-Autumn
|-damage|p1a: Decidueye-Autumn|274\/301
|
|t:|1686945882
|switch|p2a: Calyrex-Mythic|Calyrex-Mythic|94\/100|[from]move: U-turn
|-start|p2a: Calyrex-Mythic|typechange|Dragon\/Fairy|[silent]
|-ability|p2a: Calyrex-Mythic|Rubber Armor
|
|-heal|p2a: Calyrex-Mythic|99\/100|[from] item: Leftovers
|upkeep
|turn|15
|
|t:|1686945888
|move|p1a: Decidueye-Autumn|U-turn|p2a: Calyrex-Mythic
|-resisted|p2a: Calyrex-Mythic
|-damage|p2a: Calyrex-Mythic|90\/100
|
|t:|1686945890
|switch|p1a: Araquanid-Totem|Araquanid-Totem, M|348\/372
|-start|p1a: Araquanid-Totem|typechange|Poison\/Flying|[silent]
|move|p2a: Calyrex-Mythic|Wish|p2a: Calyrex-Mythic
|
|-heal|p2a: Calyrex-Mythic|97\/100|[from] item: Leftovers
|upkeep
|turn|16
|
|t:|1686945900
|switch|p2a: Electrode-Ringo|Electrode-Ringo|100\/100
|-start|p2a: Electrode-Ringo|typechange|Electric\/Grass|[silent]
|switch|p1a: Mistlegant|Mistlegant, F|253\/281
|-start|p1a: Mistlegant|typechange|Grass\/Ice|[silent]
|
|upkeep
|turn|17
|
|t:|1686945907
|switch|p2a: Basculin-Skyship|Basculin-Skyship, M|100\/100
|-start|p2a: Basculin-Skyship|typechange|Flying\/Steel|[silent]
|move|p1a: Mistlegant|Ice Beam|p2a: Basculin-Skyship
|-damage|p2a: Basculin-Skyship|0 fnt
|-damage|p1a: Mistlegant|225\/281|[from] item: Life Orb
|faint|p2a: Basculin-Skyship
|
|upkeep
|
|t:|1686945919
|switch|p2a: Totemaru|Totemaru, F|60\/100
|-start|p2a: Totemaru|typechange|Fire\/Poison|[silent]
|turn|18
|
|t:|1686945927
|switch|p1a: Araquanid-Totem|Araquanid-Totem, M|348\/372
|-start|p1a: Araquanid-Totem|typechange|Poison\/Flying|[silent]
|move|p2a: Totemaru|U-turn|p1a: Araquanid-Totem
|-resisted|p1a: Araquanid-Totem
|-damage|p1a: Araquanid-Totem|335\/372
|
|t:|1686945931
|switch|p2a: Electrode-Ringo|Electrode-Ringo|100\/100|[from]move: U-turn
|-start|p2a: Electrode-Ringo|typechange|Electric\/Grass|[silent]
|
|upkeep
|turn|19
|
|t:|1686945938
|switch|p1a: Bennutres|Bennutres, M|200\/374
|-start|p1a: Bennutres|typechange|Dark\/Grass|[silent]
|move|p2a: Electrode-Ringo|Thunderbolt|p1a: Bennutres
|-resisted|p1a: Bennutres
|-damage|p1a: Bennutres|126\/374
|
|upkeep
|turn|20
|
|t:|1686945944
|switch|p2a: Totemaru|Totemaru, F|60\/100
|-start|p2a: Totemaru|typechange|Fire\/Poison|[silent]
|move|p1a: Bennutres|Roost|p1a: Bennutres
|-heal|p1a: Bennutres|313\/374
|-singleturn|p1a: Bennutres|move: Roost
|
|upkeep
|turn|21
|
|t:|1686945948
|move|p2a: Totemaru|Poison Jab|p1a: Bennutres
|-supereffective|p1a: Bennutres
|-damage|p1a: Bennutres|0 fnt
|faint|p1a: Bennutres
|
|upkeep
|
|t:|1686945951
|switch|p1a: Decidueye-Autumn|Decidueye-Autumn, F|274\/301
|-start|p1a: Decidueye-Autumn|typechange|Fire\/Fighting|[silent]
|turn|22
|
|t:|1686945957
|move|p1a: Decidueye-Autumn|Brave Bird|p2a: Totemaru
|-damage|p2a: Totemaru|10\/100
|-damage|p1a: Decidueye-Autumn|221\/301|[from] Recoil
|move|p2a: Totemaru|Poison Jab|p1a: Decidueye-Autumn
|-damage|p1a: Decidueye-Autumn|32\/301
|
|upkeep
|turn|23
|
|t:|1686945962
|switch|p2a: Urshifu|Urshifu, F|55\/100
|-start|p2a: Urshifu|typechange|Dark\/Ground|[silent]
|move|p1a: Decidueye-Autumn|Brave Bird|p2a: Urshifu
|-damage|p2a: Urshifu|29\/100
|-damage|p1a: Decidueye-Autumn|0 fnt|[from] ability: Rough Skin|[of] p2a: Urshifu
|faint|p1a: Decidueye-Autumn
|
|-heal|p2a: Urshifu|35\/100|[from] item: Leftovers
|upkeep
|
|t:|1686945964
|switch|p1a: Mistlegant|Mistlegant, F|225\/281
|-start|p1a: Mistlegant|typechange|Grass\/Ice|[silent]
|turn|24
|
|t:|1686945967
|move|p1a: Mistlegant|Ice Beam|p2a: Urshifu
|-supereffective|p2a: Urshifu
|-damage|p2a: Urshifu|0 fnt
|-damage|p1a: Mistlegant|197\/281|[from] item: Life Orb
|faint|p2a: Urshifu
|
|upkeep
|
|t:|1686945988
|switch|p2a: Calyrex-Mythic|Calyrex-Mythic|97\/100
|-start|p2a: Calyrex-Mythic|typechange|Dragon\/Fairy|[silent]
|-ability|p2a: Calyrex-Mythic|Rubber Armor
|turn|25
|j|+Gravity Monkey
|
|t:|1686945998
|move|p1a: Mistlegant|Ice Beam|p2a: Calyrex-Mythic
|-supereffective|p2a: Calyrex-Mythic
|-damage|p2a: Calyrex-Mythic|26\/100
|-damage|p1a: Mistlegant|169\/281|[from] item: Life Orb
|move|p2a: Calyrex-Mythic|Moonblast|p1a: Mistlegant
|-damage|p1a: Mistlegant|30\/281
|
|-heal|p2a: Calyrex-Mythic|33\/100|[from] item: Leftovers
|upkeep
|turn|26
|
|t:|1686946047
|move|p1a: Mistlegant|Ice Beam|p2a: Calyrex-Mythic
|-supereffective|p2a: Calyrex-Mythic
|-damage|p2a: Calyrex-Mythic|0 fnt
|-damage|p1a: Mistlegant|2\/281|[from] item: Life Orb
|faint|p2a: Calyrex-Mythic
|
|upkeep
|
|t:|1686946049
|switch|p2a: Totemaru|Totemaru, F|10\/100
|-start|p2a: Totemaru|typechange|Fire\/Poison|[silent]
|turn|27
|
|t:|1686946056
|switch|p1a: Araquanid-Totem|Araquanid-Totem, M|335\/372
|-start|p1a: Araquanid-Totem|typechange|Poison\/Flying|[silent]
|move|p2a: Totemaru|U-turn|p1a: Araquanid-Totem
|-resisted|p1a: Araquanid-Totem
|-damage|p1a: Araquanid-Totem|321\/372
|
|t:|1686946059
|switch|p2a: Electrode-Ringo|Electrode-Ringo|100\/100|[from]move: U-turn
|-start|p2a: Electrode-Ringo|typechange|Electric\/Grass|[silent]
|
|upkeep
|turn|28
|
|t:|1686946068
|switch|p1a: Wishiwashi-Lonesom|Wishiwashi-Lonesome, F|181\/311
|-start|p1a: Wishiwashi-Lonesom|typechange|Steel\/Ghost|[silent]
|-activate|p1a: Wishiwashi-Lonesom|ability: Supreme Overlord
|-start|p1a: Wishiwashi-Lonesom|fallen2|[silent]
|move|p2a: Electrode-Ringo|Thunderbolt|p1a: Wishiwashi-Lonesom
|-damage|p1a: Wishiwashi-Lonesom|0 fnt
|faint|p1a: Wishiwashi-Lonesom
|-end|p1a: Wishiwashi-Lonesom|fallen2|[silent]
|
|upkeep
|
|t:|1686946070
|switch|p1a: Mistlegant|Mistlegant, F|2\/281
|-start|p1a: Mistlegant|typechange|Grass\/Ice|[silent]
|turn|29
|
|t:|1686946074
|switch|p2a: Totemaru|Totemaru, F|10\/100
|-start|p2a: Totemaru|typechange|Fire\/Poison|[silent]
|move|p1a: Mistlegant|Synthesis|p1a: Mistlegant
|-heal|p1a: Mistlegant|142\/281
|
|upkeep
|turn|30
|c|☆Irly|ah
|
|t:|1686946088
|switch|p1a: Araquanid-Totem|Araquanid-Totem, M|321\/372
|-start|p1a: Araquanid-Totem|typechange|Poison\/Flying|[silent]
|move|p2a: Totemaru|Poison Jab|p1a: Araquanid-Totem
|-resisted|p1a: Araquanid-Totem
|-crit|p1a: Araquanid-Totem
|-damage|p1a: Araquanid-Totem|251\/372
|
|upkeep
|turn|31
|j|+Gekokeso
|
|t:|1686946102
|move|p2a: Totemaru|Pyro Ball|p1a: Araquanid-Totem
|-damage|p1a: Araquanid-Totem|181\/372
|move|p1a: Araquanid-Totem|Hurricane|p2a: Totemaru
|-damage|p2a: Totemaru|0 fnt
|faint|p2a: Totemaru
|
|upkeep
|
|t:|1686946105
|switch|p2a: Electrode-Ringo|Electrode-Ringo|100\/100
|-start|p2a: Electrode-Ringo|typechange|Electric\/Grass|[silent]
|turn|32
|
|t:|1686946112
|switch|p1a: Urshifu-Erosion|Urshifu-Erosion, F|328\/414
|-start|p1a: Urshifu-Erosion|typechange|Water|[silent]
|move|p2a: Electrode-Ringo|Thunderbolt|p1a: Urshifu-Erosion
|-supereffective|p1a: Urshifu-Erosion
|-damage|p1a: Urshifu-Erosion|0 fnt
|faint|p1a: Urshifu-Erosion
|
|upkeep
|
|t:|1686946113
|switch|p1a: Mistlegant|Mistlegant, F|142\/281
|-start|p1a: Mistlegant|typechange|Grass\/Ice|[silent]
|turn|33
|
|t:|1686946116
|move|p1a: Mistlegant|Ice Beam|p2a: Electrode-Ringo
|-supereffective|p2a: Electrode-Ringo
|-damage|p2a: Electrode-Ringo|0 fnt
|-damage|p1a: Mistlegant|114\/281|[from] item: Life Orb
|faint|p2a: Electrode-Ringo
|
|upkeep
|
|t:|1686946118
|switch|p2a: Greninja-Ronin|Greninja-Ronin, F|100\/100
|-start|p2a: Greninja-Ronin|typechange|Water\/Ghost|[silent]
|raw|<ul class="utilichart"><li class="result"><span class="col pokemonnamecol" style="white-space: nowrap">Greninja-Ronin<\/span> <span class="col typecol"><img src="https:\/\/play.pokemonshowdown.com\/sprites\/types\/Water.png" alt="Water" height="14" width="32"><img src="https:\/\/play.pokemonshowdown.com\/sprites\/types\/Ghost.png" alt="Ghost" height="14" width="32"><\/span> <span style="float: left ; min-height: 26px"><span class="col abilitycol">Sharpness \/ Moxie \/ Soul-Heart<\/span><span class="col abilitycol"><\/span><\/span><\/li><li style="clear: both"><\/li><\/ul>
|raw|<ul class="utilichart"><li class="result"><span style="float: left ; min-height: 26px"><span class="col statcol"><em>HP<\/em><br>92<\/span> <span class="col statcol"><em>Atk<\/em><br>102<\/span> <span class="col statcol"><em>Def<\/em><br>72<\/span> <span class="col statcol"><em>SpA<\/em><br>105<\/span> <span class="col statcol"><em>SpD<\/em><br>71<\/span> <span class="col statcol"><em>Spe<\/em><br>103<\/span> <\/span><\/li><li style="clear: both"><\/li><\/ul>
|turn|34
|
|t:|1686946120
|move|p1a: Mistlegant|Leaf Storm|p2a: Greninja-Ronin
|-supereffective|p2a: Greninja-Ronin
|-damage|p2a: Greninja-Ronin|0 fnt
|-unboost|p1a: Mistlegant|spa|2
|-damage|p1a: Mistlegant|86\/281|[from] item: Life Orb
|faint|p2a: Greninja-Ronin
|
|win|Ainzcrad
|c|☆Ainzcrad|gg
|c|☆Irly|gg
|l| hidin
|l| BeeOrSomething
|l|+Gravity Monkey
|l|☆Irly
|l|+Not mossy</script>
</div>
<div class="battle-log battle-log-inline"><div class="inner"><div class="battle-options"><div style="padding-top: 3px; padding-right: 3px; text-align: right"><button class="icon button" name="openBattleOptions" title="Options">Battle Options</button></div></div><div class="inner message-log"><div class="chat"><small>☆Ainzcrad and ☆Irly joined;  hidin left</small></div><div class=""><small>Format:</small> <br><strong>[Gen 8] Alternatium EX</strong></div><div class=""><small><em>HP Percentage Mod:</em> HP is shown in percentages</small></div><div class=""><small><em>Endless Battle Clause:</em> Forcing endless battles is banned</small></div><div class=""><small><em>OHKO Clause:</em> OHKO moves are banned</small></div><div class=""><small><em>Evasion Moves Clause:</em> Evasion moves are banned</small></div><div class=""><small><em>Dynamax Clause:</em> You cannot dynamax</small></div><div class=""><small><em>Sleep Clause Mod:</em> Limit one foe put to sleep</small></div><div class=""><small><em>Z-Move Clause:</em> Z-Moves are banned</small></div><div class="chat battle-history"><strong>Ainzcrad's team:</strong> <em style="color:#445566;display:block;">Mistlegant / Urshifu-Erosion / Bennutres / Decidueye-Autumn / Wishiwashi-Lonesome / Araquanid-Totem</em></div><div class="chat battle-history"><strong>Irly's team:</strong> <em style="color:#445566;display:block;">Calyrex-Mythic / Urshifu / Greninja-Ronin / Electrode-Ringo / Basculin-Skyship / Totemaru</em></div><div class="chat chatmessage-ainzcrad mine"><strong style="color:#9f1fd6"><small>☆</small><span class="username" data-name="Ainzcrad">Ainzcrad</span>:</strong> <em>hf</em></div><div class="chat chatmessage-irly"><strong style="color:#d51548"><small>☆</small><span class="username" data-name="Irly">Irly</span>:</strong> <em>u2</em></div><div class="chat"><small> BeeOrSomething and  ALTSEX joined</small></div><div class="chat chatmessage-altsex"><strong style="color:#48a637"><small> </small><span class="username" data-name="ALTSEX">ALTSEX</span>:</strong> <em>Alt Sex Tournament Game ?</em></div><div class="chat"><small>+Not mossy and  hidin joined</small></div><div class="chat chatmessage-hidin"><strong style="color:#b43c4c"><small> </small><span class="username" data-name="hidin">hidin</span>:</strong> <em>why do i see a ground type shifu</em></div><div class="spacer battle-history"><br></div><div class="battle-history">Battle started between Ainzcrad and Irly!<br></div><div class="spacer battle-history"><br></div><div class="battle-history">Go! <strong>Decidueye-Autumn</strong>!<br></div><div class="spacer battle-history"><br></div><div class="battle-history">Irly sent out <strong>Electrode-Ringo</strong>!<br></div><div class="chat"><ul class="utilichart"><li class="result"><span class="col pokemonnamecol" style="white-space: nowrap">Decidueye-Autumn</span> <span class="col typecol"><img src="https://play.pokemonshowdown.com/sprites/types/Fire.png" alt="Fire" height="14" width="32"><img src="https://play.pokemonshowdown.com/sprites/types/Fighting.png" alt="Fighting" height="14" width="32"></span> <span style="float: left ; min-height: 26px"><span class="col abilitycol">Moxie / Victory Star</span><span class="col abilitycol"></span></span></li><li style="clear: both"></li></ul></div><div class="chat"><ul class="utilichart"><li class="result"><span style="float: left ; min-height: 26px"><span class="col statcol"><em>HP</em><br>80</span> <span class="col statcol"><em>Atk</em><br>110</span> <span class="col statcol"><em>Def</em><br>70</span> <span class="col statcol"><em>SpA</em><br>110</span> <span class="col statcol"><em>SpD</em><br>70</span> <span class="col statcol"><em>Spe</em><br>105</span> </span></li><li style="clear: both"></li></ul></div><div class="chat"><ul class="utilichart"><li class="result"><span class="col pokemonnamecol" style="white-space: nowrap">Electrode-Ringo</span> <span class="col typecol"><img src="https://play.pokemonshowdown.com/sprites/types/Electric.png" alt="Electric" height="14" width="32"><img src="https://play.pokemonshowdown.com/sprites/types/Grass.png" alt="Grass" height="14" width="32"></span> <span style="float: left ; min-height: 26px"><span class="col abilitycol">Harvest / Regenerator / Aftermath</span><span class="col abilitycol"></span></span></li><li style="clear: both"></li></ul></div><div class="chat"><ul class="utilichart"><li class="result"><span style="float: left ; min-height: 26px"><span class="col statcol"><em>HP</em><br>80</span> <span class="col statcol"><em>Atk</em><br>105</span> <span class="col statcol"><em>Def</em><br>75</span> <span class="col statcol"><em>SpA</em><br>95</span> <span class="col statcol"><em>SpD</em><br>70</span> <span class="col statcol"><em>Spe</em><br>125</span> </span></li><li style="clear: both"></li></ul></div><div class="spacer battle-history"><br></div><h2 class="battle-history">Turn 1</h2><div class="spacer battle-history"><br></div><div class="battle-history">Decidueye-Autumn used <strong>U-turn</strong>!<br></div><div class="battle-history"><small>It's super effective!</small><br></div><div class="battle-history"><small>(The opposing Electrode-Ringo lost 59% of its health!)</small><br></div><div class="spacer battle-history"><br></div><div class="battle-history">Decidueye-Autumn went back to Ainzcrad!<br></div><div class="battle-history">Go! <strong>Bennutres</strong>!<br></div><div class="chat"><ul class="utilichart"><li class="result"><span class="col pokemonnamecol" style="white-space: nowrap">Bennutres</span> <span class="col typecol"><img src="https://play.pokemonshowdown.com/sprites/types/Dark.png" alt="Dark" height="14" width="32"><img src="https://play.pokemonshowdown.com/sprites/types/Grass.png" alt="Grass" height="14" width="32"></span> <span style="float: left ; min-height: 26px"><span class="col abilitycol">Flash Fire</span><span class="col abilitycol"></span></span></li><li style="clear: both"></li></ul></div><div class="chat"><ul class="utilichart"><li class="result"><span style="float: left ; min-height: 26px"><span class="col statcol"><em>HP</em><br>85</span> <span class="col statcol"><em>Atk</em><br>120</span> <span class="col statcol"><em>Def</em><br>80</span> <span class="col statcol"><em>SpA</em><br>75</span> <span class="col statcol"><em>SpD</em><br>95</span> <span class="col statcol"><em>Spe</em><br>90</span> </span></li><li style="clear: both"></li></ul></div><div class="spacer battle-history"><br></div><div class="battle-history">The opposing Electrode-Ringo used <strong>Volt Switch</strong>!<br></div><div class="battle-history"><small>It's not very effective...</small><br></div><div class="battle-history"><small>(Bennutres lost <abbr title="−59/374">15.8%</abbr> of its health!)</small><br></div><div class="spacer battle-history"><br></div><div class="battle-history">The opposing Electrode-Ringo went back to Irly!<br></div><div class="battle-history">Irly sent out <strong>Calyrex-Mythic</strong>!<br></div><div class="chat"><ul class="utilichart"><li class="result"><span class="col pokemonnamecol" style="white-space: nowrap">Calyrex-Mythic</span> <span class="col typecol"><img src="https://play.pokemonshowdown.com/sprites/types/Dragon.png" alt="Dragon" height="14" width="32"><img src="https://play.pokemonshowdown.com/sprites/types/Fairy.png" alt="Fairy" height="14" width="32"></span> <span style="float: left ; min-height: 26px"><span class="col abilitycol">Dazzling / Aroma Veil / Rubber Armor</span><span class="col abilitycol"></span></span></li><li style="clear: both"></li></ul></div><div class="chat"><ul class="utilichart"><li class="result"><span style="float: left ; min-height: 26px"><span class="col statcol"><em>HP</em><br>100</span> <span class="col statcol"><em>Atk</em><br>90</span> <span class="col statcol"><em>Def</em><br>90</span> <span class="col statcol"><em>SpA</em><br>90</span> <span class="col statcol"><em>SpD</em><br>90</span> <span class="col statcol"><em>Spe</em><br>80</span> </span></li><li style="clear: both"></li></ul></div><div class="battle-history">[The opposing Calyrex-Mythic's Rubber Armor]<br></div><div class="spacer battle-history"><br></div><h2 class="battle-history">Turn 2</h2><div class="spacer battle-history"><br></div><div class="battle-history">Bennutres, come back!<br></div><div class="battle-history">Go! <strong>Araquanid-Totem</strong>!<br></div><div class="chat"><ul class="utilichart"><li class="result"><span class="col pokemonnamecol" style="white-space: nowrap">Araquanid-Totem</span> <span class="col typecol"><img src="https://play.pokemonshowdown.com/sprites/types/Poison.png" alt="Poison" height="14" width="32"><img src="https://play.pokemonshowdown.com/sprites/types/Flying.png" alt="Flying" height="14" width="32"></span> <span style="float: left ; min-height: 26px"><span class="col abilitycol">Water Bubble / Water Absorb</span><span class="col abilitycol"></span></span></li><li style="clear: both"></li></ul></div><div class="chat"><ul class="utilichart"><li class="result"><span style="float: left ; min-height: 26px"><span class="col statcol"><em>HP</em><br>84</span> <span class="col statcol"><em>Atk</em><br>65</span> <span class="col statcol"><em>Def</em><br>122</span> <span class="col statcol"><em>SpA</em><br>110</span> <span class="col statcol"><em>SpD</em><br>87</span> <span class="col statcol"><em>Spe</em><br>57</span> </span></li><li style="clear: both"></li></ul></div><div class="spacer battle-history"><br></div><div class="battle-history">The opposing Calyrex-Mythic used <strong>Will-O-Wisp</strong>!<br></div><div class="battle-history">[Araquanid-Totem's Water Bubble]<br><small>It doesn't affect Araquanid-Totem...</small><br></div><div class="spacer battle-history"><br></div><h2 class="battle-history">Turn 3</h2><div class="chat"><ul class="utilichart"><li class="result"><span class="col namecol"><a href="https://dex.pokemonshowdown.com/abilities/rubberarmor" target="_blank" rel="noopener">Rubber Armor</a></span> <span class="col abilitydesccol">Negates opponent's abilities when targeted by an attacking move.</span> </li><li style="clear: both"></li></ul></div><div class="chat"><font size="1"><font color="#686868">Gen:</font> 0</font></div><div class="spacer battle-history"><br></div><div class="battle-history">Irly withdrew Calyrex-Mythic!<br></div><div class="battle-history">Irly sent out <strong>Electrode-Ringo</strong>!<br></div><div class="spacer battle-history"><br></div><div class="battle-history">Araquanid-Totem used <strong>Scald</strong>!<br></div><div class="battle-history"><small>It's not very effective...</small><br></div><div class="battle-history"><small>(The opposing Electrode-Ringo lost 31% of its health!)</small><br></div><div class="spacer battle-history"><br></div><h2 class="battle-history">Turn 4</h2><div class="spacer battle-history"><br></div><div class="battle-history">Araquanid-Totem, come back!<br></div><div class="battle-history">Go! <strong>Bennutres</strong>!<br></div><div class="spacer battle-history"><br></div><div class="battle-history">The opposing Electrode-Ringo used <strong>Volt Switch</strong>!<br></div><div class="battle-history"><small>It's not very effective...</small><br></div><div class="battle-history"><small>(Bennutres lost <abbr title="−54/374">14.4%</abbr> of its health!)</small><br></div><div class="spacer battle-history"><br></div><div class="battle-history">The opposing Electrode-Ringo went back to Irly!<br></div><div class="battle-history">Irly sent out <strong>Basculin-Skyship</strong>!<br></div><div class="chat"><ul class="utilichart"><li class="result"><span class="col pokemonnamecol" style="white-space: nowrap">Basculin-Skyship</span> <span class="col typecol"><img src="https://play.pokemonshowdown.com/sprites/types/Flying.png" alt="Flying" height="14" width="32"><img src="https://play.pokemonshowdown.com/sprites/types/Steel.png" alt="Steel" height="14" width="32"></span> <span style="float: left ; min-height: 26px"><span class="col abilitycol">Gale Wings / Light Metal / Sky Breach</span><span class="col abilitycol"></span></span></li><li style="clear: both"></li></ul></div><div class="chat"><ul class="utilichart"><li class="result"><span style="float: left ; min-height: 26px"><span class="col statcol"><em>HP</em><br>70</span> <span class="col statcol"><em>Atk</em><br>92</span> <span class="col statcol"><em>Def</em><br>65</span> <span class="col statcol"><em>SpA</em><br>80</span> <span class="col statcol"><em>SpD</em><br>55</span> <span class="col statcol"><em>Spe</em><br>118</span> </span></li><li style="clear: both"></li></ul></div><div class="spacer battle-history"><br></div><h2 class="battle-history">Turn 5</h2><div class="spacer battle-history"><br></div><div class="battle-history">Bennutres, come back!<br></div><div class="battle-history">Go! <strong>Araquanid-Totem</strong>!<br></div><div class="spacer battle-history"><br></div><div class="battle-history">The opposing Basculin-Skyship used <strong>U-turn</strong>!<br></div><div class="battle-history"><small>It's not very effective...</small><br></div><div class="battle-history"><small>A critical hit!</small><br></div><div class="battle-history"><small>(Araquanid-Totem lost <abbr title="−24/372">6.5%</abbr> of its health!)</small><br></div><div class="spacer battle-history"><br></div><div class="battle-history">The opposing Basculin-Skyship went back to Irly!<br></div><div class="battle-history">Irly sent out <strong>Electrode-Ringo</strong>!<br></div><div class="spacer battle-history"><br></div><h2 class="battle-history">Turn 6</h2><div class="spacer battle-history"><br></div><div class="battle-history">Araquanid-Totem, come back!<br></div><div class="battle-history">Go! <strong>Bennutres</strong>!<br></div><div class="spacer battle-history"><br></div><div class="battle-history">The opposing Electrode-Ringo used <strong>Volt Switch</strong>!<br></div><div class="battle-history"><small>It's not very effective...</small><br></div><div class="battle-history"><small>(Bennutres lost <abbr title="−61/374">16.3%</abbr> of its health!)</small><br></div><div class="spacer battle-history"><br></div><div class="battle-history">The opposing Electrode-Ringo went back to Irly!<br></div><div class="battle-history">Irly sent out <strong>Basculin-Skyship</strong>!<br></div><div class="spacer battle-history"><br></div><h2 class="battle-history">Turn 7</h2><div class="spacer battle-history"><br></div><div class="battle-history">Bennutres, come back!<br></div><div class="battle-history">Go! Wishiwashi-Lonesom (<strong>Wishiwashi-Lonesome</strong>)!<br></div><div class="chat"><ul class="utilichart"><li class="result"><span class="col pokemonnamecol" style="white-space: nowrap">Wishiwashi-Lonesome</span> <span class="col typecol"><img src="https://play.pokemonshowdown.com/sprites/types/Steel.png" alt="Steel" height="14" width="32"><img src="https://play.pokemonshowdown.com/sprites/types/Ghost.png" alt="Ghost" height="14" width="32"></span> <span style="float: left ; min-height: 26px"><span class="col abilitycol">Run Away / Rattled / Supreme Overlord</span><span class="col abilitycol"></span></span></li><li style="clear: both"></li></ul></div><div class="chat"><ul class="utilichart"><li class="result"><span style="float: left ; min-height: 26px"><span class="col statcol"><em>HP</em><br>85</span> <span class="col statcol"><em>Atk</em><br>70</span> <span class="col statcol"><em>Def</em><br>70</span> <span class="col statcol"><em>SpA</em><br>95</span> <span class="col statcol"><em>SpD</em><br>72</span> <span class="col statcol"><em>Spe</em><br>123</span> </span></li><li style="clear: both"></li></ul></div><div class="spacer battle-history"><br></div><div class="battle-history">The opposing Basculin-Skyship used <strong>Liquidation</strong>!<br></div><div class="battle-history"><small>It's not very effective...</small><br></div><div class="battle-history"><small>(Wishiwashi-Lonesom lost <abbr title="−130/311">41.8%</abbr> of its health!)</small><br></div><div class="spacer battle-history"><br></div><h2 class="battle-history">Turn 8</h2><div class="chat"><ul class="utilichart"><li class="result"><span class="col namecol"><a href="https://dex.pokemonshowdown.com/abilities/skybreach" target="_blank" rel="noopener">Sky Breach</a></span> <span class="col abilitydesccol">This Pokemon's Water-type moves become Flying-type.</span> </li><li style="clear: both"></li></ul></div><div class="chat"><font size="1"><font color="#686868">Gen:</font> 0</font></div><div class="spacer battle-history"><br></div><div class="battle-history">Irly withdrew Basculin-Skyship!<br></div><div class="battle-history">Irly sent out <strong>Urshifu</strong>!<br></div><div class="chat"><ul class="utilichart"><li class="result"><span class="col pokemonnamecol" style="white-space: nowrap">Urshifu</span> <span class="col typecol"><img src="https://play.pokemonshowdown.com/sprites/types/Dark.png" alt="Dark" height="14" width="32"><img src="https://play.pokemonshowdown.com/sprites/types/Ground.png" alt="Ground" height="14" width="32"></span> <span style="float: left ; min-height: 26px"><span class="col abilitycol">Sand Force / Unseen Fist / Rough Skin</span><span class="col abilitycol"></span></span></li><li style="clear: both"></li></ul></div><div class="chat"><ul class="utilichart"><li class="result"><span style="float: left ; min-height: 26px"><span class="col statcol"><em>HP</em><br>85</span> <span class="col statcol"><em>Atk</em><br>115</span> <span class="col statcol"><em>Def</em><br>130</span> <span class="col statcol"><em>SpA</em><br>63</span> <span class="col statcol"><em>SpD</em><br>90</span> <span class="col statcol"><em>Spe</em><br>72</span> </span></li><li style="clear: both"></li></ul></div><div class="spacer battle-history"><br></div><div class="battle-history">Wishiwashi-Lonesom used <strong>Flash Cannon</strong>!<br></div><div class="battle-history"><small>(The opposing Urshifu lost 52% of its health!)</small><br></div><div class="spacer battle-history"><br></div><div class="battle-history"><small>The opposing Urshifu restored a little HP using its Leftovers!</small><br></div><div class="spacer battle-history"><br></div><h2 class="battle-history">Turn 9</h2><div class="spacer battle-history"><br></div><div class="battle-history">Wishiwashi-Lonesom, come back!<br></div><div class="battle-history">Go! <strong>Urshifu-Erosion</strong>!<br></div><div class="chat"><ul class="utilichart"><li class="result"><span class="col pokemonnamecol" style="white-space: nowrap">Urshifu-Erosion</span> <span class="col typecol"><img src="https://play.pokemonshowdown.com/sprites/types/Water.png" alt="Water" height="14" width="32"></span> <span style="float: left ; min-height: 26px"><span class="col abilitycol">Magic Guard</span><span class="col abilitycol"></span></span></li><li style="clear: both"></li></ul></div><div class="chat"><ul class="utilichart"><li class="result"><span style="float: left ; min-height: 26px"><span class="col statcol"><em>HP</em><br>105</span> <span class="col statcol"><em>Atk</em><br>95</span> <span class="col statcol"><em>Def</em><br>80</span> <span class="col statcol"><em>SpA</em><br>90</span> <span class="col statcol"><em>SpD</em><br>85</span> <span class="col statcol"><em>Spe</em><br>70</span> </span></li><li style="clear: both"></li></ul></div><div class="spacer battle-history"><br></div><div class="battle-history">Irly withdrew Urshifu!<br></div><div class="battle-history">Irly sent out <strong>Totemaru</strong>!<br></div><div class="chat"><ul class="utilichart"><li class="result"><span class="col pokemonnamecol" style="white-space: nowrap">Totemaru</span> <span class="col typecol"><img src="https://play.pokemonshowdown.com/sprites/types/Fire.png" alt="Fire" height="14" width="32"><img src="https://play.pokemonshowdown.com/sprites/types/Poison.png" alt="Poison" height="14" width="32"></span> <span style="float: left ; min-height: 26px"><span class="col abilitycol">Roll Romp / Blaze</span><span class="col abilitycol"></span></span></li><li style="clear: both"></li></ul></div><div class="chat"><ul class="utilichart"><li class="result"><span style="float: left ; min-height: 26px"><span class="col statcol"><em>HP</em><br>90</span> <span class="col statcol"><em>Atk</em><br>127</span> <span class="col statcol"><em>Def</em><br>70</span> <span class="col statcol"><em>SpA</em><br>65</span> <span class="col statcol"><em>SpD</em><br>73</span> <span class="col statcol"><em>Spe</em><br>90</span> </span></li><li style="clear: both"></li></ul></div><div class="spacer battle-history"><br></div><h2 class="battle-history">Turn 10</h2><div class="spacer battle-history"><br></div><div class="battle-history">Irly withdrew Totemaru!<br></div><div class="battle-history">Irly sent out <strong>Electrode-Ringo</strong>!<br></div><div class="spacer battle-history"><br></div><div class="battle-history">Urshifu-Erosion used <strong>Stealth Rock</strong>!<br></div><div class="battle-history"><small>Pointed stones float in the air around the opposing team!</small><br></div><div class="spacer battle-history"><br></div><h2 class="battle-history">Turn 11</h2><div class="spacer battle-history"><br></div><div class="battle-history">The opposing Electrode-Ringo used <strong>Volt Switch</strong>!<br></div><div class="battle-history"><small>It's super effective!</small><br></div><div class="battle-history"><small>(Urshifu-Erosion lost <abbr title="−318/414">76.8%</abbr> of its health!)</small><br></div><div class="spacer battle-history"><br></div><div class="battle-history">The opposing Electrode-Ringo went back to Irly!<br></div><div class="battle-history">Irly sent out <strong>Calyrex-Mythic</strong>!<br></div><div class="battle-history"><small>Pointed stones dug into the opposing Calyrex-Mythic!</small><br></div><div class="battle-history">[The opposing Calyrex-Mythic's Rubber Armor]<br></div><div class="spacer battle-history"><br></div><div class="battle-history">Urshifu-Erosion used <strong>Recover</strong>!<br></div><div class="battle-history"><small>Urshifu-Erosion had its HP restored.</small><br></div><div class="spacer battle-history"><br></div><div class="battle-history"><small>The opposing Calyrex-Mythic restored a little HP using its Leftovers!</small><br></div><div class="battle-history"><small>Urshifu-Erosion restored a little HP using its Leftovers!</small><br></div><div class="spacer battle-history"><br></div><h2 class="battle-history">Turn 12</h2><div class="spacer battle-history"><br></div><div class="battle-history">The opposing Calyrex-Mythic used <strong>Defog</strong>!<br></div><div class="battle-history"><small>Urshifu-Erosion's evasiveness fell!</small><br></div><div class="battle-history"><small>The pointed stones disappeared from around the opposing team!</small><br></div><div class="spacer battle-history"><br></div><div class="battle-history">Urshifu-Erosion used <strong>U-turn</strong>!<br></div><div class="battle-history"><small>It's not very effective...</small><br></div><div class="battle-history"><small>(The opposing Calyrex-Mythic lost 7% of its health!)</small><br></div><div class="spacer battle-history"><br></div><div class="battle-history">Urshifu-Erosion went back to Ainzcrad!<br></div><div class="battle-history">Go! <strong>Mistlegant</strong>!<br></div><div class="chat"><ul class="utilichart"><li class="result"><span class="col pokemonnamecol" style="white-space: nowrap">Mistlegant</span> <span class="col typecol"><img src="https://play.pokemonshowdown.com/sprites/types/Grass.png" alt="Grass" height="14" width="32"><img src="https://play.pokemonshowdown.com/sprites/types/Ice.png" alt="Ice" height="14" width="32"></span> <span style="float: left ; min-height: 26px"><span class="col abilitycol">Victory Star / Mountaineer / Competitive</span><span class="col abilitycol"></span></span></li><li style="clear: both"></li></ul></div><div class="chat"><ul class="utilichart"><li class="result"><span style="float: left ; min-height: 26px"><span class="col statcol"><em>HP</em><br>70</span> <span class="col statcol"><em>Atk</em><br>75</span> <span class="col statcol"><em>Def</em><br>75</span> <span class="col statcol"><em>SpA</em><br>115</span> <span class="col statcol"><em>SpD</em><br>75</span> <span class="col statcol"><em>Spe</em><br>130</span> </span></li><li style="clear: both"></li></ul></div><div class="spacer battle-history"><br></div><div class="battle-history"><small>The opposing Calyrex-Mythic restored a little HP using its Leftovers!</small><br></div><div class="spacer battle-history"><br></div><h2 class="battle-history">Turn 13</h2><div class="spacer battle-history"><br></div><div class="battle-history">Irly withdrew Calyrex-Mythic!<br></div><div class="battle-history">Irly sent out <strong>Totemaru</strong>!<br></div><div class="spacer battle-history"><br></div><div class="battle-history">Mistlegant used <strong>Ice Beam</strong>!<br></div><div class="battle-history"><small>It's not very effective...</small><br></div><div class="battle-history"><small>(The opposing Totemaru lost 40% of its health!)</small><br></div><div class="battle-history"><small>Mistlegant lost some of its HP!</small><br></div><div class="spacer battle-history"><br></div><h2 class="battle-history">Turn 14</h2><div class="spacer battle-history"><br></div><div class="battle-history">Mistlegant, come back!<br></div><div class="battle-history">Go! <strong>Decidueye-Autumn</strong>!<br></div><div class="spacer battle-history"><br></div><div class="battle-history">The opposing Totemaru used <strong>U-turn</strong>!<br></div><div class="battle-history"><small>It's not very effective...</small><br></div><div class="battle-history"><small>(Decidueye-Autumn lost <abbr title="−27/301">9.0%</abbr> of its health!)</small><br></div><div class="spacer battle-history"><br></div><div class="battle-history">The opposing Totemaru went back to Irly!<br></div><div class="battle-history">Irly sent out <strong>Calyrex-Mythic</strong>!<br></div><div class="battle-history">[The opposing Calyrex-Mythic's Rubber Armor]<br></div><div class="spacer battle-history"><br></div><div class="battle-history"><small>The opposing Calyrex-Mythic restored a little HP using its Leftovers!</small><br></div><div class="spacer battle-history"><br></div><h2 class="battle-history">Turn 15</h2><div class="spacer battle-history"><br></div><div class="battle-history">Decidueye-Autumn used <strong>U-turn</strong>!<br></div><div class="battle-history"><small>It's not very effective...</small><br></div><div class="battle-history"><small>(The opposing Calyrex-Mythic lost 9% of its health!)</small><br></div><div class="spacer battle-history"><br></div><div class="battle-history">Decidueye-Autumn went back to Ainzcrad!<br></div><div class="battle-history">Go! <strong>Araquanid-Totem</strong>!<br></div><div class="spacer battle-history"><br></div><div class="battle-history">The opposing Calyrex-Mythic used <strong>Wish</strong>!<br></div><div class="spacer battle-history"><br></div><div class="battle-history"><small>The opposing Calyrex-Mythic restored a little HP using its Leftovers!</small><br></div><div class="spacer battle-history"><br></div><h2 class="battle-history">Turn 16</h2><div class="spacer battle-history"><br></div><div class="battle-history">Irly withdrew Calyrex-Mythic!<br></div><div class="battle-history">Irly sent out <strong>Electrode-Ringo</strong>!<br></div><div class="spacer battle-history"><br></div><div class="battle-history">Araquanid-Totem, come back!<br></div><div class="battle-history">Go! <strong>Mistlegant</strong>!<br></div><div class="spacer battle-history"><br></div><h2 class="battle-history">Turn 17</h2><div class="spacer battle-history"><br></div><div class="battle-history">Irly withdrew Electrode-Ringo!<br></div><div class="battle-history">Irly sent out <strong>Basculin-Skyship</strong>!<br></div><div class="spacer battle-history"><br></div><div class="battle-history">Mistlegant used <strong>Ice Beam</strong>!<br></div><div class="battle-history"><small>(The opposing Basculin-Skyship lost 100% of its health!)</small><br></div><div class="battle-history"><small>Mistlegant lost some of its HP!</small><br></div><div class="spacer battle-history"><br></div><div class="battle-history">The opposing Basculin-Skyship fainted!<br></div><div class="spacer battle-history"><br></div><div class="battle-history">Irly sent out <strong>Totemaru</strong>!<br></div><div class="spacer battle-history"><br></div><h2 class="battle-history">Turn 18</h2><div class="spacer battle-history"><br></div><div class="battle-history">Mistlegant, come back!<br></div><div class="battle-history">Go! <strong>Araquanid-Totem</strong>!<br></div><div class="spacer battle-history"><br></div><div class="battle-history">The opposing Totemaru used <strong>U-turn</strong>!<br></div><div class="battle-history"><small>It's not very effective...</small><br></div><div class="battle-history"><small>(Araquanid-Totem lost <abbr title="−13/372">3.5%</abbr> of its health!)</small><br></div><div class="spacer battle-history"><br></div><div class="battle-history">The opposing Totemaru went back to Irly!<br></div><div class="battle-history">Irly sent out <strong>Electrode-Ringo</strong>!<br></div><div class="spacer battle-history"><br></div><h2 class="battle-history">Turn 19</h2><div class="spacer battle-history"><br></div><div class="battle-history">Araquanid-Totem, come back!<br></div><div class="battle-history">Go! <strong>Bennutres</strong>!<br></div><div class="spacer battle-history"><br></div><div class="battle-history">The opposing Electrode-Ringo used <strong>Thunderbolt</strong>!<br></div><div class="battle-history"><small>It's not very effective...</small><br></div><div class="battle-history"><small>(Bennutres lost <abbr title="−74/374">19.8%</abbr> of its health!)</small><br></div><div class="spacer battle-history"><br></div><h2 class="battle-history">Turn 20</h2><div class="spacer battle-history"><br></div><div class="battle-history">Irly withdrew Electrode-Ringo!<br></div><div class="battle-history">Irly sent out <strong>Totemaru</strong>!<br></div><div class="spacer battle-history"><br></div><div class="battle-history">Bennutres used <strong>Roost</strong>!<br></div><div class="battle-history"><small>Bennutres had its HP restored.</small><br></div><div class="spacer battle-history"><br></div><h2 class="battle-history">Turn 21</h2><div class="spacer battle-history"><br></div><div class="battle-history">The opposing Totemaru used <strong>Poison Jab</strong>!<br></div><div class="battle-history"><small>It's super effective!</small><br></div><div class="battle-history"><small>(Bennutres lost <abbr title="−313/374">83.7%</abbr> of its health!)</small><br></div><div class="spacer battle-history"><br></div><div class="battle-history">Bennutres fainted!<br></div><div class="spacer battle-history"><br></div><div class="battle-history">Go! <strong>Decidueye-Autumn</strong>!<br></div><div class="spacer battle-history"><br></div><h2 class="battle-history">Turn 22</h2><div class="spacer battle-history"><br></div><div class="battle-history">Decidueye-Autumn used <strong>Brave Bird</strong>!<br></div><div class="battle-history"><small>(The opposing Totemaru lost 50% of its health!)</small><br></div><div class="battle-history"><small>Decidueye-Autumn was damaged by the recoil!</small><br></div><div class="spacer battle-history"><br></div><div class="battle-history">The opposing Totemaru used <strong>Poison Jab</strong>!<br></div><div class="battle-history"><small>(Decidueye-Autumn lost <abbr title="−189/301">62.8%</abbr> of its health!)</small><br></div><div class="spacer battle-history"><br></div><h2 class="battle-history">Turn 23</h2><div class="spacer battle-history"><br></div><div class="battle-history">Irly withdrew Totemaru!<br></div><div class="battle-history">Irly sent out <strong>Urshifu</strong>!<br></div><div class="spacer battle-history"><br></div><div class="battle-history">Decidueye-Autumn used <strong>Brave Bird</strong>!<br></div><div class="battle-history"><small>(The opposing Urshifu lost 26% of its health!)</small><br></div><div class="battle-history">[The opposing Urshifu's Rough Skin]<br><small>Decidueye-Autumn was hurt!</small><br></div><div class="spacer battle-history"><br></div><div class="battle-history">Decidueye-Autumn fainted!<br></div><div class="spacer battle-history"><br></div><div class="battle-history"><small>The opposing Urshifu restored a little HP using its Leftovers!</small><br></div><div class="spacer battle-history"><br></div><div class="battle-history">Go! <strong>Mistlegant</strong>!<br></div><div class="spacer battle-history"><br></div><h2 class="battle-history">Turn 24</h2><div class="spacer battle-history"><br></div><div class="battle-history">Mistlegant used <strong>Ice Beam</strong>!<br></div><div class="battle-history"><small>It's super effective!</small><br></div><div class="battle-history"><small>(The opposing Urshifu lost 35% of its health!)</small><br></div><div class="battle-history"><small>Mistlegant lost some of its HP!</small><br></div><div class="spacer battle-history"><br></div><div class="battle-history">The opposing Urshifu fainted!<br></div><div class="spacer battle-history"><br></div><div class="battle-history">Irly sent out <strong>Calyrex-Mythic</strong>!<br></div><div class="battle-history">[The opposing Calyrex-Mythic's Rubber Armor]<br></div><div class="spacer battle-history"><br></div><h2 class="battle-history">Turn 25</h2><div class="chat"><small>+Gravity Monkey joined</small></div><div class="spacer battle-history"><br></div><div class="battle-history">Mistlegant used <strong>Ice Beam</strong>!<br></div><div class="battle-history"><small>It's super effective!</small><br></div><div class="battle-history"><small>(The opposing Calyrex-Mythic lost 71% of its health!)</small><br></div><div class="battle-history"><small>Mistlegant lost some of its HP!</small><br></div><div class="spacer battle-history"><br></div><div class="battle-history">The opposing Calyrex-Mythic used <strong>Moonblast</strong>!<br></div><div class="battle-history"><small>(Mistlegant lost <abbr title="−139/281">49.5%</abbr> of its health!)</small><br></div><div class="spacer battle-history"><br></div><div class="battle-history"><small>The opposing Calyrex-Mythic restored a little HP using its Leftovers!</small><br></div><div class="spacer battle-history"><br></div><h2 class="battle-history">Turn 26</h2><div class="spacer battle-history"><br></div><div class="battle-history">Mistlegant used <strong>Ice Beam</strong>!<br></div><div class="battle-history"><small>It's super effective!</small><br></div><div class="battle-history"><small>(The opposing Calyrex-Mythic lost 33% of its health!)</small><br></div><div class="battle-history"><small>Mistlegant lost some of its HP!</small><br></div><div class="spacer battle-history"><br></div><div class="battle-history">The opposing Calyrex-Mythic fainted!<br></div><div class="spacer battle-history"><br></div><div class="battle-history">Irly sent out <strong>Totemaru</strong>!<br></div><div class="spacer battle-history"><br></div><h2 class="battle-history">Turn 27</h2><div class="spacer battle-history"><br></div><div class="battle-history">Mistlegant, come back!<br></div><div class="battle-history">Go! <strong>Araquanid-Totem</strong>!<br></div><div class="spacer battle-history"><br></div><div class="battle-history">The opposing Totemaru used <strong>U-turn</strong>!<br></div><div class="battle-history"><small>It's not very effective...</small><br></div><div class="battle-history"><small>(Araquanid-Totem lost <abbr title="−14/372">3.8%</abbr> of its health!)</small><br></div><div class="spacer battle-history"><br></div><div class="battle-history">The opposing Totemaru went back to Irly!<br></div><div class="battle-history">Irly sent out <strong>Electrode-Ringo</strong>!<br></div><div class="spacer battle-history"><br></div><h2 class="battle-history">Turn 28</h2><div class="spacer battle-history"><br></div><div class="battle-history">Araquanid-Totem, come back!<br></div><div class="battle-history">Go! Wishiwashi-Lonesom (<strong>Wishiwashi-Lonesome</strong>)!<br></div><div class="battle-history">[Wishiwashi-Lonesom's Supreme Overlord]<br></div><div class="spacer battle-history"><br></div><div class="battle-history">The opposing Electrode-Ringo used <strong>Thunderbolt</strong>!<br></div><div class="battle-history"><small>(Wishiwashi-Lonesom lost <abbr title="−181/311">58.2%</abbr> of its health!)</small><br></div><div class="spacer battle-history"><br></div><div class="battle-history">Wishiwashi-Lonesom fainted!<br></div><div class="spacer battle-history"><br></div><div class="battle-history">Go! <strong>Mistlegant</strong>!<br></div><div class="spacer battle-history"><br></div><h2 class="battle-history">Turn 29</h2><div class="spacer battle-history"><br></div><div class="battle-history">Irly withdrew Electrode-Ringo!<br></div><div class="battle-history">Irly sent out <strong>Totemaru</strong>!<br></div><div class="spacer battle-history"><br></div><div class="battle-history">Mistlegant used <strong>Synthesis</strong>!<br></div><div class="battle-history"><small>Mistlegant had its HP restored.</small><br></div><div class="spacer battle-history"><br></div><h2 class="battle-history">Turn 30</h2><div class="chat chatmessage-irly"><strong style="color:#d51548"><small>☆</small><span class="username" data-name="Irly">Irly</span>:</strong> <em>ah</em></div><div class="spacer battle-history"><br></div><div class="battle-history">Mistlegant, come back!<br></div><div class="battle-history">Go! <strong>Araquanid-Totem</strong>!<br></div><div class="spacer battle-history"><br></div><div class="battle-history">The opposing Totemaru used <strong>Poison Jab</strong>!<br></div><div class="battle-history"><small>It's not very effective...</small><br></div><div class="battle-history"><small>A critical hit!</small><br></div><div class="battle-history"><small>(Araquanid-Totem lost <abbr title="−70/372">18.8%</abbr> of its health!)</small><br></div><div class="spacer battle-history"><br></div><h2 class="battle-history">Turn 31</h2><div class="chat"><small>+Gekokeso joined</small></div><div class="spacer battle-history"><br></div><div class="battle-history">The opposing Totemaru used <strong>Pyro Ball</strong>!<br></div><div class="battle-history"><small>(Araquanid-Totem lost <abbr title="−70/372">18.8%</abbr> of its health!)</small><br></div><div class="spacer battle-history"><br></div><div class="battle-history">Araquanid-Totem used <strong>Hurricane</strong>!<br></div><div class="battle-history"><small>(The opposing Totemaru lost 10% of its health!)</small><br></div><div class="spacer battle-history"><br></div><div class="battle-history">The opposing Totemaru fainted!<br></div><div class="spacer battle-history"><br></div><div class="battle-history">Irly sent out <strong>Electrode-Ringo</strong>!<br></div><div class="spacer battle-history"><br></div><h2 class="battle-history">Turn 32</h2><div class="spacer battle-history"><br></div><div class="battle-history">Araquanid-Totem, come back!<br></div><div class="battle-history">Go! <strong>Urshifu-Erosion</strong>!<br></div><div class="spacer battle-history"><br></div><div class="battle-history">The opposing Electrode-Ringo used <strong>Thunderbolt</strong>!<br></div><div class="battle-history"><small>It's super effective!</small><br></div><div class="battle-history"><small>(Urshifu-Erosion lost <abbr title="−328/414">79.2%</abbr> of its health!)</small><br></div><div class="spacer battle-history"><br></div><div class="battle-history">Urshifu-Erosion fainted!<br></div><div class="spacer battle-history"><br></div><div class="battle-history">Go! <strong>Mistlegant</strong>!<br></div><div class="spacer battle-history"><br></div><h2 class="battle-history">Turn 33</h2><div class="spacer battle-history"><br></div><div class="battle-history">Mistlegant used <strong>Ice Beam</strong>!<br></div><div class="battle-history"><small>It's super effective!</small><br></div><div class="battle-history"><small>(The opposing Electrode-Ringo lost 100% of its health!)</small><br></div><div class="battle-history"><small>Mistlegant lost some of its HP!</small><br></div><div class="spacer battle-history"><br></div><div class="battle-history">The opposing Electrode-Ringo fainted!<br></div><div class="spacer battle-history"><br></div><div class="battle-history">Irly sent out <strong>Greninja-Ronin</strong>!<br></div><div class="chat"><ul class="utilichart"><li class="result"><span class="col pokemonnamecol" style="white-space: nowrap">Greninja-Ronin</span> <span class="col typecol"><img src="https://play.pokemonshowdown.com/sprites/types/Water.png" alt="Water" height="14" width="32"><img src="https://play.pokemonshowdown.com/sprites/types/Ghost.png" alt="Ghost" height="14" width="32"></span> <span style="float: left ; min-height: 26px"><span class="col abilitycol">Sharpness / Moxie / Soul-Heart</span><span class="col abilitycol"></span></span></li><li style="clear: both"></li></ul></div><div class="chat"><ul class="utilichart"><li class="result"><span style="float: left ; min-height: 26px"><span class="col statcol"><em>HP</em><br>92</span> <span class="col statcol"><em>Atk</em><br>102</span> <span class="col statcol"><em>Def</em><br>72</span> <span class="col statcol"><em>SpA</em><br>105</span> <span class="col statcol"><em>SpD</em><br>71</span> <span class="col statcol"><em>Spe</em><br>103</span> </span></li><li style="clear: both"></li></ul></div><div class="spacer battle-history"><br></div><h2 class="battle-history">Turn 34</h2><div class="spacer battle-history"><br></div><div class="battle-history">Mistlegant used <strong>Leaf Storm</strong>!<br></div><div class="battle-history"><small>It's super effective!</small><br></div><div class="battle-history"><small>(The opposing Greninja-Ronin lost 100% of its health!)</small><br></div><div class="battle-history"><small>Mistlegant's Sp. Atk fell harshly!</small><br></div><div class="battle-history"><small>Mistlegant lost some of its HP!</small><br></div><div class="spacer battle-history"><br></div><div class="battle-history">The opposing Greninja-Ronin fainted!<br></div><div class="spacer battle-history"><br></div><div class="battle-history"><strong>Ainzcrad</strong> won the battle!<br></div><div class="chat chatmessage-ainzcrad mine"><strong style="color:#9f1fd6"><small>☆</small><span class="username" data-name="Ainzcrad">Ainzcrad</span>:</strong> <em>gg</em></div><div class="chat chatmessage-irly"><strong style="color:#d51548"><small>☆</small><span class="username" data-name="Irly">Irly</span>:</strong> <em>gg</em></div><div class="chat"><small> hidin,  BeeOrSomething, +Gravity Monkey, ☆Irly, and +Not mossy left</small></div></div><div class="inner-preempt message-log"></div></div></div>
</div>
<script>
let daily = Math.floor(Date.now()/1000/60/60/24);document.write('<script src="https://dragonheaven.herokuapp.com/js/replay-embed.js?version'+daily+'"></'+'script>');
</script>
