<!DOCTYPE html>
<meta charset="utf-8" />
<!-- version 1 -->
<title>[Gen 2] Crystal: Sevii Islands replay: A Real Petmodster vs. spellcaster</title>
<style>
html,body {font-family:Verdana, sans-serif;font-size:10pt;margin:0;padding:0;}body{padding:12px 0;} .battle-log {font-family:Verdana, sans-serif;font-size:10pt;} .battle-log-inline {border:1px solid #AAAAAA;background:#EEF2F5;color:black;max-width:640px;margin:0 auto 80px;padding-bottom:5px;} .battle-log .inner {padding:4px 8px 0px 8px;} .battle-log .inner-preempt {padding:0 8px 4px 8px;} .battle-log .inner-after {margin-top:0.5em;} .battle-log h2 {margin:0.5em -8px;padding:4px 8px;border:1px solid #AAAAAA;background:#E0E7EA;border-left:0;border-right:0;font-family:Verdana, sans-serif;font-size:13pt;} .battle-log .chat {vertical-align:middle;padding:3px 0 3px 0;font-size:8pt;} .battle-log .chat strong {color:#40576A;} .battle-log .chat em {padding:1px 4px 1px 3px;color:#000000;font-style:normal;} .chat.mine {background:rgba(0,0,0,0.05);margin-left:-8px;margin-right:-8px;padding-left:8px;padding-right:8px;} .spoiler {color:#BBBBBB;background:#BBBBBB;padding:0px 3px;} .spoiler:hover, .spoiler:active, .spoiler-shown {color:#000000;background:#E2E2E2;padding:0px 3px;} .spoiler a {color:#BBBBBB;} .spoiler:hover a, .spoiler:active a, .spoiler-shown a {color:#2288CC;} .chat code, .chat .spoiler:hover code, .chat .spoiler:active code, .chat .spoiler-shown code {border:1px solid #C0C0C0;background:#EEEEEE;color:black;padding:0 2px;} .chat .spoiler code {border:1px solid #CCCCCC;background:#CCCCCC;color:#CCCCCC;} .battle-log .rated {padding:3px 4px;} .battle-log .rated strong {color:white;background:#89A;padding:1px 4px;border-radius:4px;} .spacer {margin-top:0.5em;} .message-announce {background:#6688AA;color:white;padding:1px 4px 2px;} .message-announce a, .broadcast-green a, .broadcast-blue a, .broadcast-red a {color:#DDEEFF;} .broadcast-green {background-color:#559955;color:white;padding:2px 4px;} .broadcast-blue {background-color:#6688AA;color:white;padding:2px 4px;} .infobox {border:1px solid #6688AA;padding:2px 4px;} .infobox-limited {max-height:200px;overflow:auto;overflow-x:hidden;} .broadcast-red {background-color:#AA5544;color:white;padding:2px 4px;} .message-learn-canlearn {font-weight:bold;color:#228822;text-decoration:underline;} .message-learn-cannotlearn {font-weight:bold;color:#CC2222;text-decoration:underline;} .message-effect-weak {font-weight:bold;color:#CC2222;} .message-effect-resist {font-weight:bold;color:#6688AA;} .message-effect-immune {font-weight:bold;color:#666666;} .message-learn-list {margin-top:0;margin-bottom:0;} .message-throttle-notice, .message-error {color:#992222;} .message-overflow, .chat small.message-overflow {font-size:0pt;} .message-overflow::before {font-size:9pt;content:'...';} .subtle {color:#3A4A66;}
</style>
<div class="wrapper replay-wrapper" style="max-width:1180px;margin:0 auto">
<input type="hidden" name="replayid" value="dragonheaven-gen2crystalseviiislands-40" />
<div class="battle"></div><div class="battle-log"></div><div class="replay-controls"></div><div class="replay-controls-2"></div>
<h1 style="font-weight:normal;text-align:center"><strong>[Gen 2] Crystal: Sevii Islands</strong><br /><a href="http://pokemonshowdown.com/users/arealpetmodster" class="subtle" target="_blank">A Real Petmodster</a> vs. <a href="http://pokemonshowdown.com/users/spellcaster" class="subtle" target="_blank">spellcaster</a></h1>
<script type="text/plain" class="battle-log-data">|j|☆A Real Petmodster

|j|☆spellcaster
|t:|1685300686
|player|p1|A Real Petmodster|169|
|player|p2|spellcaster|rosa|
|teamsize|p1|6
|teamsize|p2|6
|gametype|singles
|gen|2
|tier|[Gen 2] Crystal: Sevii Islands
|rule|Sleep Clause Mod: Limit one foe put to sleep
|rule|Freeze Clause Mod: Limit one foe frozen
|rule|Species Clause: Limit one of each Pokémon
|rule|OHKO Clause: OHKO moves are banned
|rule|Evasion Moves Clause: Evasion moves are banned
|rule|Endless Battle Clause: Forcing endless battles is banned
|rule|HP Percentage Mod: HP is shown in percentages
|raw|<img src="https:\/\/www.smogon.com\/forums\/attachments\/151df61d-7d50-438a-ac00-32f18fe1424b-png.395890\/" height="212" width="381">
|-message|Welcome to Crystal: Sevii Islands!
|-message|This is a [Gen 2] OU-based format where we add new Fakemon, items, moves and even lore!
|-message|You can find our spreadsheet with all the new additions here:
|-message|https:\/\/docs.google.com\/spreadsheets\/d\/1QL_789vTzxG8An43itUxPonK9ee7ezxH6GCR9dD_JyQ\/edit?usp=sharing
|-message|Good luck and have fun with your battle!
|
|t:|1685300686
|start
|switch|p1a: Nidoking|Nidoking, M|365\/365
|switch|p2a: mana|Snorlax, M|100\/100
|-start|p1a: Nidoking|typechange|Poison\/Ground|[silent]
|raw|<ul class="utilichart"><li class="result"><span class="col pokemonnamecol" style="white-space: nowrap">Nidoking<\/span> <span class="col typecol"><img src="https:\/\/play.pokemonshowdown.com\/sprites\/types\/Poison.png" alt="Poison" height="14" width="32"><img src="https:\/\/play.pokemonshowdown.com\/sprites\/types\/Ground.png" alt="Ground" height="14" width="32"><\/span> <span style="float: left ; min-height: 26px"><span class="col abilitycol">Poison Point \/ Rivalry<\/span><span class="col abilitycol"><\/span><\/span><\/li><li style="clear: both"><\/li><\/ul>
|raw|<ul class="utilichart"><li class="result"><span style="float: left ; min-height: 26px"><span class="col statcol"><em>HP<\/em><br>81<\/span> <span class="col statcol"><em>Atk<\/em><br>92<\/span> <span class="col statcol"><em>Def<\/em><br>77<\/span> <span class="col statcol"><em>SpA<\/em><br>85<\/span> <span class="col statcol"><em>SpD<\/em><br>75<\/span> <span class="col statcol"><em>Spe<\/em><br>85<\/span> <\/span><\/li><li style="clear: both"><\/li><\/ul>
|-start|p2a: mana|typechange|Normal|[silent]
|raw|<ul class="utilichart"><li class="result"><span class="col pokemonnamecol" style="white-space: nowrap">Snorlax<\/span> <span class="col typecol"><img src="https:\/\/play.pokemonshowdown.com\/sprites\/types\/Normal.png" alt="Normal" height="14" width="32"><\/span> <span style="float: left ; min-height: 26px"><span class="col abilitycol">Immunity \/ Thick Fat<\/span><span class="col abilitycol"><\/span><\/span><\/li><li style="clear: both"><\/li><\/ul>
|raw|<ul class="utilichart"><li class="result"><span style="float: left ; min-height: 26px"><span class="col statcol"><em>HP<\/em><br>160<\/span> <span class="col statcol"><em>Atk<\/em><br>110<\/span> <span class="col statcol"><em>Def<\/em><br>65<\/span> <span class="col statcol"><em>SpA<\/em><br>65<\/span> <span class="col statcol"><em>SpD<\/em><br>110<\/span> <span class="col statcol"><em>Spe<\/em><br>30<\/span> <\/span><\/li><li style="clear: both"><\/li><\/ul>
|turn|1
|inactive|Battle timer is ON: inactive players will automatically lose when time's up. (requested by spellcaster)
|inactive|Time left: 300 sec this turn | 300 sec total | 60 sec grace
|c|☆A Real Petmodster|good luck
|
|t:|1685300724
|move|p1a: Nidoking|Lovely Kiss|p2a: mana
|-status|p2a: mana|slp|[from] move: Lovely Kiss
|cant|p2a: mana|slp
|
|-item|p1a: Nidoking|Sevii Sundae (3)|[from] item: Sevii Sundae
|upkeep
|turn|2
|inactive|Time left: 300 sec this turn | 300 sec total
|
|t:|1685300728
|switch|p2a: Zapdos|Zapdos|100\/100
|-start|p2a: Zapdos|typechange|Electric\/Flying|[silent]
|raw|<ul class="utilichart"><li class="result"><span class="col pokemonnamecol" style="white-space: nowrap">Zapdos<\/span> <span class="col typecol"><img src="https:\/\/play.pokemonshowdown.com\/sprites\/types\/Electric.png" alt="Electric" height="14" width="32"><img src="https:\/\/play.pokemonshowdown.com\/sprites\/types\/Flying.png" alt="Flying" height="14" width="32"><\/span> <span style="float: left ; min-height: 26px"><span class="col abilitycol">Pressure<\/span><span class="col abilitycol"><\/span><\/span><\/li><li style="clear: both"><\/li><\/ul>
|raw|<ul class="utilichart"><li class="result"><span style="float: left ; min-height: 26px"><span class="col statcol"><em>HP<\/em><br>90<\/span> <span class="col statcol"><em>Atk<\/em><br>90<\/span> <span class="col statcol"><em>Def<\/em><br>85<\/span> <span class="col statcol"><em>SpA<\/em><br>125<\/span> <span class="col statcol"><em>SpD<\/em><br>90<\/span> <span class="col statcol"><em>Spe<\/em><br>100<\/span> <\/span><\/li><li style="clear: both"><\/li><\/ul>
|move|p1a: Nidoking|Thief|p2a: Zapdos
|-damage|p2a: Zapdos|92\/100
|
|-heal|p2a: Zapdos|98\/100|[from] item: Leftovers
|-item|p1a: Nidoking|Sevii Sundae (2)|[from] item: Sevii Sundae
|upkeep
|turn|3
|inactive|Time left: 300 sec this turn | 300 sec total
|
|t:|1685300734
|move|p2a: Zapdos|Hidden Power|p1a: Nidoking
|-crit|p1a: Nidoking
|-supereffective|p1a: Nidoking
|-damage|p1a: Nidoking|73\/365
|move|p1a: Nidoking|Ice Beam|p2a: Zapdos
|-supereffective|p2a: Zapdos
|-damage|p2a: Zapdos|63\/100
|
|-heal|p2a: Zapdos|69\/100|[from] item: Leftovers
|-heal|p1a: Nidoking|118\/365|[from] item: Sevii Sundae (2)
|-item|p1a: Nidoking|Sevii Sundae (1)|[from] item: Sevii Sundae
|upkeep
|turn|4
|inactive|Time left: 300 sec this turn | 300 sec total
|
|t:|1685300737
|switch|p1a: Snorlax|Snorlax, M|523\/523
|-start|p1a: Snorlax|typechange|Normal|[silent]
|raw|<ul class="utilichart"><li class="result"><span class="col pokemonnamecol" style="white-space: nowrap">Snorlax<\/span> <span class="col typecol"><img src="https:\/\/play.pokemonshowdown.com\/sprites\/types\/Normal.png" alt="Normal" height="14" width="32"><\/span> <span style="float: left ; min-height: 26px"><span class="col abilitycol">Immunity \/ Thick Fat<\/span><span class="col abilitycol"><\/span><\/span><\/li><li style="clear: both"><\/li><\/ul>
|raw|<ul class="utilichart"><li class="result"><span style="float: left ; min-height: 26px"><span class="col statcol"><em>HP<\/em><br>160<\/span> <span class="col statcol"><em>Atk<\/em><br>110<\/span> <span class="col statcol"><em>Def<\/em><br>65<\/span> <span class="col statcol"><em>SpA<\/em><br>65<\/span> <span class="col statcol"><em>SpD<\/em><br>110<\/span> <span class="col statcol"><em>Spe<\/em><br>30<\/span> <\/span><\/li><li style="clear: both"><\/li><\/ul>
|move|p2a: Zapdos|Hidden Power|p1a: Snorlax
|-damage|p1a: Snorlax|463\/523
|
|-heal|p2a: Zapdos|75\/100|[from] item: Leftovers
|-heal|p1a: Snorlax|495\/523|[from] item: Leftovers
|upkeep
|turn|5
|inactive|Time left: 300 sec this turn | 300 sec total
|c|☆A Real Petmodster|uh
|j| zuchtrest3
|c| zuchtrest3|kaggduschne
|
|t:|1685300747
|switch|p2a: Steelix|Steelix, M|100\/100
|-start|p2a: Steelix|typechange|Steel\/Ground|[silent]
|raw|<ul class="utilichart"><li class="result"><span class="col pokemonnamecol" style="white-space: nowrap">Steelix<\/span> <span class="col typecol"><img src="https:\/\/play.pokemonshowdown.com\/sprites\/types\/Steel.png" alt="Steel" height="14" width="32"><img src="https:\/\/play.pokemonshowdown.com\/sprites\/types\/Ground.png" alt="Ground" height="14" width="32"><\/span> <span style="float: left ; min-height: 26px"><span class="col abilitycol">Rock Head \/ Sturdy<\/span><span class="col abilitycol"><\/span><\/span><\/li><li style="clear: both"><\/li><\/ul>
|raw|<ul class="utilichart"><li class="result"><span style="float: left ; min-height: 26px"><span class="col statcol"><em>HP<\/em><br>75<\/span> <span class="col statcol"><em>Atk<\/em><br>85<\/span> <span class="col statcol"><em>Def<\/em><br>200<\/span> <span class="col statcol"><em>SpA<\/em><br>55<\/span> <span class="col statcol"><em>SpD<\/em><br>65<\/span> <span class="col statcol"><em>Spe<\/em><br>30<\/span> <\/span><\/li><li style="clear: both"><\/li><\/ul>
|switch|p1a: Nidoking|Nidoking, M|118\/365
|-start|p1a: Nidoking|typechange|Poison\/Ground|[silent]
|
|-heal|p1a: Nidoking|163\/365|[from] item: Sevii Sundae (1)
|-enditem|p1a: Nidoking|Sevii Sundae (1)
|upkeep
|turn|6
|inactive|Time left: 300 sec this turn | 300 sec total
|j| omiwario
|
|t:|1685300752
|switch|p1a: Cloyster|Cloyster, M|303\/303
|-start|p1a: Cloyster|typechange|Water\/Ice|[silent]
|raw|<ul class="utilichart"><li class="result"><span class="col pokemonnamecol" style="white-space: nowrap">Cloyster<\/span> <span class="col typecol"><img src="https:\/\/play.pokemonshowdown.com\/sprites\/types\/Water.png" alt="Water" height="14" width="32"><img src="https:\/\/play.pokemonshowdown.com\/sprites\/types\/Ice.png" alt="Ice" height="14" width="32"><\/span> <span style="float: left ; min-height: 26px"><span class="col abilitycol">Shell Armor \/ Skill Link<\/span><span class="col abilitycol"><\/span><\/span><\/li><li style="clear: both"><\/li><\/ul>
|raw|<ul class="utilichart"><li class="result"><span style="float: left ; min-height: 26px"><span class="col statcol"><em>HP<\/em><br>50<\/span> <span class="col statcol"><em>Atk<\/em><br>95<\/span> <span class="col statcol"><em>Def<\/em><br>180<\/span> <span class="col statcol"><em>SpA<\/em><br>85<\/span> <span class="col statcol"><em>SpD<\/em><br>45<\/span> <span class="col statcol"><em>Spe<\/em><br>70<\/span> <\/span><\/li><li style="clear: both"><\/li><\/ul>
|move|p2a: Steelix|Earthquake|p1a: Cloyster
|-damage|p1a: Cloyster|235\/303
|
|-heal|p1a: Cloyster|253\/303|[from] item: Leftovers
|upkeep
|turn|7
|inactive|Time left: 300 sec this turn | 300 sec total
|j|+Monai
|
|t:|1685300756
|switch|p2a: Raikou|Raikou|100\/100
|-start|p2a: Raikou|typechange|Electric|[silent]
|raw|<ul class="utilichart"><li class="result"><span class="col pokemonnamecol" style="white-space: nowrap">Raikou<\/span> <span class="col typecol"><img src="https:\/\/play.pokemonshowdown.com\/sprites\/types\/Electric.png" alt="Electric" height="14" width="32"><\/span> <span style="float: left ; min-height: 26px"><span class="col abilitycol">Pressure<\/span><span class="col abilitycol"><\/span><\/span><\/li><li style="clear: both"><\/li><\/ul>
|raw|<ul class="utilichart"><li class="result"><span style="float: left ; min-height: 26px"><span class="col statcol"><em>HP<\/em><br>90<\/span> <span class="col statcol"><em>Atk<\/em><br>85<\/span> <span class="col statcol"><em>Def<\/em><br>75<\/span> <span class="col statcol"><em>SpA<\/em><br>115<\/span> <span class="col statcol"><em>SpD<\/em><br>100<\/span> <span class="col statcol"><em>Spe<\/em><br>115<\/span> <\/span><\/li><li style="clear: both"><\/li><\/ul>
|move|p1a: Cloyster|Spikes|p2a: Raikou
|-sidestart|p2: spellcaster|Spikes
|
|-heal|p1a: Cloyster|271\/303|[from] item: Leftovers
|upkeep
|turn|8
|inactive|Time left: 300 sec this turn | 300 sec total
|c|+Monai|If real friend lose fit me
|c|+Monai|For me
|
|t:|1685300763
|switch|p1a: Snorlax|Snorlax, M|495\/523
|-start|p1a: Snorlax|typechange|Normal|[silent]
|move|p2a: Raikou|Thunder|p1a: Snorlax|[miss]
|-miss|p2a: Raikou
|
|-heal|p1a: Snorlax|523\/523|[from] item: Leftovers
|upkeep
|turn|9
|inactive|Time left: 300 sec this turn | 300 sec total
|c|+Monai|Thanks buddy
|
|t:|1685300772
|switch|p2a: Cloyster|Cloyster, M|100\/100
|-start|p2a: Cloyster|typechange|Water\/Ice|[silent]
|raw|<ul class="utilichart"><li class="result"><span class="col pokemonnamecol" style="white-space: nowrap">Cloyster<\/span> <span class="col typecol"><img src="https:\/\/play.pokemonshowdown.com\/sprites\/types\/Water.png" alt="Water" height="14" width="32"><img src="https:\/\/play.pokemonshowdown.com\/sprites\/types\/Ice.png" alt="Ice" height="14" width="32"><\/span> <span style="float: left ; min-height: 26px"><span class="col abilitycol">Shell Armor \/ Skill Link<\/span><span class="col abilitycol"><\/span><\/span><\/li><li style="clear: both"><\/li><\/ul>
|raw|<ul class="utilichart"><li class="result"><span style="float: left ; min-height: 26px"><span class="col statcol"><em>HP<\/em><br>50<\/span> <span class="col statcol"><em>Atk<\/em><br>95<\/span> <span class="col statcol"><em>Def<\/em><br>180<\/span> <span class="col statcol"><em>SpA<\/em><br>85<\/span> <span class="col statcol"><em>SpD<\/em><br>45<\/span> <span class="col statcol"><em>Spe<\/em><br>70<\/span> <\/span><\/li><li style="clear: both"><\/li><\/ul>
|-damage|p2a: Cloyster|88\/100|[from] Spikes
|switch|p1a: Nidoking|Nidoking, M|163\/365
|-start|p1a: Nidoking|typechange|Poison\/Ground|[silent]
|
|-heal|p2a: Cloyster|94\/100|[from] item: Leftovers
|upkeep
|turn|10
|inactive|Time left: 300 sec this turn | 300 sec total
|
|t:|1685300778
|move|p1a: Nidoking|Thief|p2a: Cloyster
|-damage|p2a: Cloyster|78\/100
|-item|p1a: Nidoking|Leftovers|[from] move: Thief|[of] p2a: Cloyster
|move|p2a: Cloyster|Surf|p1a: Nidoking
|-supereffective|p1a: Nidoking
|-damage|p1a: Nidoking|0 fnt
|faint|p1a: Nidoking
|inactive|Time left: 300 sec this turn | 300 sec total
|
|t:|1685300784
|switch|p1a: Gengar|Gengar, M|323\/323
|-start|p1a: Gengar|typechange|Ghost\/Poison|[silent]
|raw|<ul class="utilichart"><li class="result"><span class="col pokemonnamecol" style="white-space: nowrap">Gengar<\/span> <span class="col typecol"><img src="https:\/\/play.pokemonshowdown.com\/sprites\/types\/Ghost.png" alt="Ghost" height="14" width="32"><img src="https:\/\/play.pokemonshowdown.com\/sprites\/types\/Poison.png" alt="Poison" height="14" width="32"><\/span> <span style="float: left ; min-height: 26px"><span class="col abilitycol">Levitate<\/span><span class="col abilitycol"><\/span><\/span><\/li><li style="clear: both"><\/li><\/ul>
|raw|<ul class="utilichart"><li class="result"><span style="float: left ; min-height: 26px"><span class="col statcol"><em>HP<\/em><br>60<\/span> <span class="col statcol"><em>Atk<\/em><br>65<\/span> <span class="col statcol"><em>Def<\/em><br>60<\/span> <span class="col statcol"><em>SpA<\/em><br>130<\/span> <span class="col statcol"><em>SpD<\/em><br>75<\/span> <span class="col statcol"><em>Spe<\/em><br>110<\/span> <\/span><\/li><li style="clear: both"><\/li><\/ul>
|
|upkeep
|turn|11
|inactive|Time left: 300 sec this turn | 300 sec total
|
|t:|1685300791
|switch|p2a: Tyranitar|Tyranitar, M|100\/100
|-damage|p2a: Tyranitar|88\/100|[from] Spikes
|-start|p2a: Tyranitar|typechange|Rock\/Dark|[silent]
|raw|<ul class="utilichart"><li class="result"><span class="col pokemonnamecol" style="white-space: nowrap">Tyranitar<\/span> <span class="col typecol"><img src="https:\/\/play.pokemonshowdown.com\/sprites\/types\/Rock.png" alt="Rock" height="14" width="32"><img src="https:\/\/play.pokemonshowdown.com\/sprites\/types\/Dark.png" alt="Dark" height="14" width="32"><\/span> <span style="float: left ; min-height: 26px"><span class="col abilitycol">Sand Stream<\/span><span class="col abilitycol"><\/span><\/span><\/li><li style="clear: both"><\/li><\/ul>
|raw|<ul class="utilichart"><li class="result"><span style="float: left ; min-height: 26px"><span class="col statcol"><em>HP<\/em><br>100<\/span> <span class="col statcol"><em>Atk<\/em><br>134<\/span> <span class="col statcol"><em>Def<\/em><br>110<\/span> <span class="col statcol"><em>SpA<\/em><br>95<\/span> <span class="col statcol"><em>SpD<\/em><br>100<\/span> <span class="col statcol"><em>Spe<\/em><br>61<\/span> <\/span><\/li><li style="clear: both"><\/li><\/ul>
|move|p1a: Gengar|Thief|p2a: Tyranitar
|-resisted|p2a: Tyranitar
|-damage|p2a: Tyranitar|83\/100
|-item|p1a: Gengar|Leftovers|[from] move: Thief|[of] p2a: Tyranitar
|
|upkeep
|turn|12
|inactive|Time left: 300 sec this turn | 300 sec total
|
|t:|1685300798
|-activate|p1a: Gengar|move: Pursuit
|move|p2a: Tyranitar|Pursuit|p1a: Gengar|[from]Pursuit
|-supereffective|p1a: Gengar
|-damage|p1a: Gengar|111\/323
|switch|p1a: Snorlax|Snorlax, M|523\/523
|-start|p1a: Snorlax|typechange|Normal|[silent]
|
|upkeep
|turn|13
|inactive|Time left: 300 sec this turn | 300 sec total
|
|t:|1685300806
|switch|p2a: Steelix|Steelix, M|100\/100
|-start|p2a: Steelix|typechange|Steel\/Ground|[silent]
|-damage|p2a: Steelix|88\/100|[from] Spikes
|move|p1a: Snorlax|Curse|p1a: Snorlax
|-unboost|p1a: Snorlax|spe|1
|-boost|p1a: Snorlax|atk|1
|-boost|p1a: Snorlax|def|1
|
|-heal|p2a: Steelix|94\/100|[from] item: Leftovers
|upkeep
|turn|14
|inactive|Time left: 300 sec this turn | 300 sec total
|
|t:|1685300811
|switch|p1a: Cloyster|Cloyster, M|271\/303
|-start|p1a: Cloyster|typechange|Water\/Ice|[silent]
|move|p2a: Steelix|Earthquake|p1a: Cloyster
|-damage|p1a: Cloyster|200\/303
|
|-heal|p1a: Cloyster|218\/303|[from] item: Leftovers
|-heal|p2a: Steelix|100\/100|[from] item: Leftovers
|upkeep
|turn|15
|inactive|Time left: 300 sec this turn | 300 sec total
|
|t:|1685300822
|switch|p1a: Gengar|Gengar, M|111\/323
|-start|p1a: Gengar|typechange|Ghost\/Poison|[silent]
|switch|p2a: Zapdos|Zapdos|75\/100
|-start|p2a: Zapdos|typechange|Electric\/Flying|[silent]
|
|-heal|p1a: Gengar|131\/323|[from] item: Leftovers
|-heal|p2a: Zapdos|81\/100|[from] item: Leftovers
|upkeep
|turn|16
|inactive|Time left: 300 sec this turn | 300 sec total
|
|t:|1685300830
|switch|p1a: Snorlax|Snorlax, M|523\/523
|-start|p1a: Snorlax|typechange|Normal|[silent]
|switch|p2a: Tyranitar|Tyranitar, M|83\/100
|-start|p2a: Tyranitar|typechange|Rock\/Dark|[silent]
|-damage|p2a: Tyranitar|71\/100|[from] Spikes
|
|upkeep
|turn|17
|inactive|Time left: 300 sec this turn | 300 sec total
|
|t:|1685300840
|switch|p2a: Cloyster|Cloyster, M|78\/100
|-start|p2a: Cloyster|typechange|Water\/Ice|[silent]
|-damage|p2a: Cloyster|66\/100|[from] Spikes
|move|p1a: Snorlax|Curse|p1a: Snorlax
|-unboost|p1a: Snorlax|spe|1
|-boost|p1a: Snorlax|atk|1
|-boost|p1a: Snorlax|def|1
|
|upkeep
|turn|18
|inactive|Time left: 300 sec this turn | 300 sec total
|
|t:|1685300843
|switch|p1a: Gengar|Gengar, M|131\/323
|-start|p1a: Gengar|typechange|Ghost\/Poison|[silent]
|move|p2a: Cloyster|Spikes|p1a: Gengar
|-sidestart|p1: A Real Petmodster|Spikes
|
|-heal|p1a: Gengar|151\/323|[from] item: Leftovers
|upkeep
|turn|19
|inactive|Time left: 300 sec this turn | 300 sec total
|
|t:|1685300849
|switch|p1a: Snorlax|Snorlax, M|523\/523
|-damage|p1a: Snorlax|458\/523|[from] Spikes
|-start|p1a: Snorlax|typechange|Normal|[silent]
|switch|p2a: Tyranitar|Tyranitar, M|71\/100
|-damage|p2a: Tyranitar|58\/100|[from] Spikes
|-start|p2a: Tyranitar|typechange|Rock\/Dark|[silent]
|
|-heal|p1a: Snorlax|490\/523|[from] item: Leftovers
|upkeep
|turn|20
|inactive|Time left: 300 sec this turn | 300 sec total
|l| omiwario
|
|t:|1685300854
|switch|p2a: Steelix|Steelix, M|100\/100
|-start|p2a: Steelix|typechange|Steel\/Ground|[silent]
|-damage|p2a: Steelix|88\/100|[from] Spikes
|move|p1a: Snorlax|Curse|p1a: Snorlax
|-unboost|p1a: Snorlax|spe|1
|-boost|p1a: Snorlax|atk|1
|-boost|p1a: Snorlax|def|1
|
|-heal|p2a: Steelix|94\/100|[from] item: Leftovers
|-heal|p1a: Snorlax|522\/523|[from] item: Leftovers
|upkeep
|turn|21
|inactive|Time left: 300 sec this turn | 300 sec total
|
|t:|1685300859
|switch|p1a: Zapdos|Zapdos|383\/383
|-start|p1a: Zapdos|typechange|Electric\/Flying|[silent]
|raw|<ul class="utilichart"><li class="result"><span class="col pokemonnamecol" style="white-space: nowrap">Zapdos<\/span> <span class="col typecol"><img src="https:\/\/play.pokemonshowdown.com\/sprites\/types\/Electric.png" alt="Electric" height="14" width="32"><img src="https:\/\/play.pokemonshowdown.com\/sprites\/types\/Flying.png" alt="Flying" height="14" width="32"><\/span> <span style="float: left ; min-height: 26px"><span class="col abilitycol">Pressure<\/span><span class="col abilitycol"><\/span><\/span><\/li><li style="clear: both"><\/li><\/ul>
|raw|<ul class="utilichart"><li class="result"><span style="float: left ; min-height: 26px"><span class="col statcol"><em>HP<\/em><br>90<\/span> <span class="col statcol"><em>Atk<\/em><br>90<\/span> <span class="col statcol"><em>Def<\/em><br>85<\/span> <span class="col statcol"><em>SpA<\/em><br>125<\/span> <span class="col statcol"><em>SpD<\/em><br>90<\/span> <span class="col statcol"><em>Spe<\/em><br>100<\/span> <\/span><\/li><li style="clear: both"><\/li><\/ul>
|move|p2a: Steelix|Curse|p2a: Steelix
|-unboost|p2a: Steelix|spe|1
|-boost|p2a: Steelix|atk|1
|-boost|p2a: Steelix|def|1
|
|-heal|p2a: Steelix|100\/100|[from] item: Leftovers
|upkeep
|turn|22
|inactive|Time left: 300 sec this turn | 300 sec total
|
|t:|1685300863
|switch|p1a: Cloyster|Cloyster, M|218\/303
|-start|p1a: Cloyster|typechange|Water\/Ice|[silent]
|-damage|p1a: Cloyster|181\/303|[from] Spikes
|switch|p2a: Raikou|Raikou|100\/100
|-start|p2a: Raikou|typechange|Electric|[silent]
|-damage|p2a: Raikou|88\/100|[from] Spikes
|
|-heal|p2a: Raikou|94\/100|[from] item: Leftovers
|-heal|p1a: Cloyster|199\/303|[from] item: Leftovers
|upkeep
|turn|23
|inactive|Time left: 300 sec this turn | 300 sec total
|
|t:|1685300867
|switch|p1a: Snorlax|Snorlax, M|522\/523
|-damage|p1a: Snorlax|457\/523|[from] Spikes
|-start|p1a: Snorlax|typechange|Normal|[silent]
|move|p2a: Raikou|Thunder|p1a: Snorlax|[miss]
|-miss|p2a: Raikou
|
|-heal|p2a: Raikou|99\/100|[from] item: Leftovers
|-heal|p1a: Snorlax|489\/523|[from] item: Leftovers
|upkeep
|turn|24
|inactive|Time left: 300 sec this turn | 300 sec total
|
|t:|1685300875
|switch|p1a: Cloyster|Cloyster, M|199\/303
|-damage|p1a: Cloyster|162\/303|[from] Spikes
|-start|p1a: Cloyster|typechange|Water\/Ice|[silent]
|move|p2a: Raikou|Thunder|p1a: Cloyster|[miss]
|-miss|p2a: Raikou
|
|-heal|p2a: Raikou|100\/100|[from] item: Leftovers
|-heal|p1a: Cloyster|180\/303|[from] item: Leftovers
|upkeep
|turn|25
|inactive|Time left: 300 sec this turn | 300 sec total
|
|t:|1685300879
|move|p2a: Raikou|Thunder|p1a: Cloyster|[miss]
|-miss|p2a: Raikou
|move|p1a: Cloyster|Surf|p2a: Raikou
|-damage|p2a: Raikou|75\/100
|
|-heal|p2a: Raikou|81\/100|[from] item: Leftovers
|-heal|p1a: Cloyster|198\/303|[from] item: Leftovers
|upkeep
|turn|26
|inactive|Time left: 300 sec this turn | 300 sec total
|
|t:|1685300880
|move|p2a: Raikou|Thunder|p1a: Cloyster|[miss]
|-miss|p2a: Raikou
|move|p1a: Cloyster|Explosion|p2a: Raikou
|-damage|p2a: Raikou|0 fnt
|faint|p1a: Cloyster
|faint|p2a: Raikou
|inactive|Time left: 300 sec this turn | 300 sec total
|c|☆A Real Petmodster|LMFAO
|c|☆A Real Petmodster|ok ill show you something funny
|c|☆A Real Petmodster|after the games over
|l|+Monai
|c|☆spellcaster|tbolt > thunder
|inactive|spellcaster has 270 seconds left.
|
|t:|1685300911
|switch|p2a: mana|Snorlax, M|100\/100 slp
|switch|p1a: Gengar|Gengar, M|151\/323
|-damage|p1a: Gengar|111\/323|[from] Spikes
|-start|p1a: Gengar|typechange|Ghost\/Poison|[silent]
|-damage|p2a: mana|88\/100 slp|[from] Spikes
|-start|p2a: mana|typechange|Normal|[silent]
|
|-heal|p1a: Gengar|131\/323|[from] item: Leftovers
|-heal|p2a: mana|94\/100 slp|[from] item: Leftovers
|upkeep
|turn|27
|inactive|Time left: 290 sec this turn | 290 sec total
|
|t:|1685300915
|switch|p1a: Terricks|Terricks|383\/383
|-start|p1a: Terricks|typechange|Rock\/Flying|[silent]
|raw|<ul class="utilichart"><li class="result"><span class="col pokemonnamecol" style="white-space: nowrap">Terricks<\/span> <span class="col typecol"><img src="https:\/\/play.pokemonshowdown.com\/sprites\/types\/Rock.png" alt="Rock" height="14" width="32"><img src="https:\/\/play.pokemonshowdown.com\/sprites\/types\/Flying.png" alt="Flying" height="14" width="32"><\/span> <span style="float: left ; min-height: 26px"><span class="col abilitycol">No Ability<\/span><span class="col abilitycol"><\/span><\/span><\/li><li style="clear: both"><\/li><\/ul>
|raw|<ul class="utilichart"><li class="result"><span style="float: left ; min-height: 26px"><span class="col statcol"><em>HP<\/em><br>90<\/span> <span class="col statcol"><em>Atk<\/em><br>125<\/span> <span class="col statcol"><em>Def<\/em><br>160<\/span> <span class="col statcol"><em>SpA<\/em><br>90<\/span> <span class="col statcol"><em>SpD<\/em><br>50<\/span> <span class="col statcol"><em>Spe<\/em><br>65<\/span> <\/span><\/li><li style="clear: both"><\/li><\/ul>
|cant|p2a: mana|slp
|
|-heal|p2a: mana|99\/100 slp|[from] item: Leftovers
|upkeep
|turn|28
|inactive|Time left: 300 sec this turn | 300 sec total
|
|t:|1685300920
|-curestatus|p2a: mana|slp|[msg]
|move|p2a: mana|Thunder|p1a: Terricks
|-supereffective|p1a: Terricks
|-damage|p1a: Terricks|158\/383
|move|p1a: Terricks|Whirlwind|p2a: mana
|drag|p2a: Tyranitar|Tyranitar, M|58\/100
|-damage|p2a: Tyranitar|46\/100|[from] Spikes
|-start|p2a: Tyranitar|typechange|Rock\/Dark|[silent]
|
|-heal|p1a: Terricks|181\/383|[from] item: Leftovers
|upkeep
|turn|29
|inactive|Time left: 300 sec this turn | 300 sec total
|l| zuchtrest3
|
|t:|1685300931
|switch|p2a: Zapdos|Zapdos|81\/100
|-start|p2a: Zapdos|typechange|Electric\/Flying|[silent]
|move|p1a: Terricks|Rock Slide|p2a: Zapdos
|-supereffective|p2a: Zapdos
|-damage|p2a: Zapdos|16\/100
|
|-heal|p2a: Zapdos|22\/100|[from] item: Leftovers
|-heal|p1a: Terricks|204\/383|[from] item: Leftovers
|upkeep
|turn|30
|inactive|Time left: 300 sec this turn | 300 sec total
|
|t:|1685300938
|switch|p1a: Zapdos|Zapdos|383\/383
|-start|p1a: Zapdos|typechange|Electric\/Flying|[silent]
|move|p2a: Zapdos|Rest|p2a: Zapdos
|-status|p2a: Zapdos|slp|[from] move: Rest
|-heal|p2a: Zapdos|100\/100 slp|[silent]
|
|upkeep
|turn|31
|inactive|Time left: 300 sec this turn | 300 sec total
|
|t:|1685300947
|switch|p2a: mana|Snorlax, M|99\/100
|-damage|p2a: mana|88\/100|[from] Spikes
|-start|p2a: mana|typechange|Normal|[silent]
|move|p1a: Zapdos|Thunderbolt|p2a: mana
|-damage|p2a: mana|63\/100
|
|-heal|p2a: mana|69\/100|[from] item: Leftovers
|upkeep
|turn|32
|inactive|Time left: 300 sec this turn | 300 sec total
|
|t:|1685300951
|move|p1a: Zapdos|Thunderbolt|p2a: mana
|-damage|p2a: mana|44\/100
|move|p2a: mana|Double-Edge|p1a: Zapdos
|-damage|p1a: Zapdos|208\/383
|-damage|p2a: mana|36\/100|[from] Recoil|[of] p1a: Zapdos
|
|-heal|p1a: Zapdos|231\/383|[from] item: Leftovers
|-heal|p2a: mana|42\/100|[from] item: Leftovers
|upkeep
|turn|33
|inactive|Time left: 300 sec this turn | 300 sec total
|
|t:|1685300958
|switch|p1a: Gengar|Gengar, M|131\/323
|-damage|p1a: Gengar|91\/323|[from] Spikes
|-start|p1a: Gengar|typechange|Ghost\/Poison|[silent]
|move|p2a: mana|Double-Edge|p1a: Gengar
|-immune|p1a: Gengar
|
|-heal|p1a: Gengar|111\/323|[from] item: Leftovers
|-heal|p2a: mana|48\/100|[from] item: Leftovers
|upkeep
|turn|34
|inactive|Time left: 300 sec this turn | 300 sec total
|
|t:|1685300965
|move|p1a: Gengar|Explosion|p2a: mana
|-damage|p2a: mana|0 fnt
|faint|p1a: Gengar
|faint|p2a: mana
|inactive|Time left: 300 sec this turn | 300 sec total
|
|t:|1685300973
|switch|p1a: Snorlax|Snorlax, M|489\/523
|switch|p2a: Cloyster|Cloyster, M|66\/100
|-start|p2a: Cloyster|typechange|Water\/Ice|[silent]
|-damage|p2a: Cloyster|54\/100|[from] Spikes
|-start|p1a: Snorlax|typechange|Normal|[silent]
|-damage|p1a: Snorlax|424\/523|[from] Spikes
|
|-heal|p1a: Snorlax|456\/523|[from] item: Leftovers
|upkeep
|turn|35
|inactive|Time left: 300 sec this turn | 300 sec total
|
|t:|1685300980
|switch|p1a: Terricks|Terricks|204\/383
|-start|p1a: Terricks|typechange|Rock\/Flying|[silent]
|move|p2a: Cloyster|Explosion|p1a: Terricks
|-resisted|p1a: Terricks
|-damage|p1a: Terricks|63\/383
|faint|p2a: Cloyster
|inactive|Time left: 300 sec this turn | 300 sec total
|
|t:|1685300986
|switch|p2a: Zapdos|Zapdos|100\/100 slp
|-start|p2a: Zapdos|typechange|Electric\/Flying|[silent]
|
|-heal|p1a: Terricks|86\/383|[from] item: Leftovers
|upkeep
|turn|36
|inactive|Time left: 300 sec this turn | 300 sec total
|
|t:|1685300991
|switch|p1a: Snorlax|Snorlax, M|456\/523
|-start|p1a: Snorlax|typechange|Normal|[silent]
|-damage|p1a: Snorlax|391\/523|[from] Spikes
|cant|p2a: Zapdos|slp
|move|p2a: Zapdos|Sleep Talk|p2a: Zapdos
|move|p2a: Zapdos|Rest|p2a: Zapdos|[from]Sleep Talk
|-fail|p2a: Zapdos
|
|-heal|p1a: Snorlax|423\/523|[from] item: Leftovers
|upkeep
|turn|37
|inactive|Time left: 300 sec this turn | 300 sec total
|
|t:|1685300999
|switch|p2a: Steelix|Steelix, M|100\/100
|-start|p2a: Steelix|typechange|Steel\/Ground|[silent]
|-damage|p2a: Steelix|88\/100|[from] Spikes
|switch|p1a: Terricks|Terricks|86\/383
|-start|p1a: Terricks|typechange|Rock\/Flying|[silent]
|
|-heal|p1a: Terricks|109\/383|[from] item: Leftovers
|-heal|p2a: Steelix|94\/100|[from] item: Leftovers
|upkeep
|turn|38
|inactive|Time left: 300 sec this turn | 300 sec total
|
|t:|1685301003
|move|p2a: Steelix|Curse|p2a: Steelix
|-unboost|p2a: Steelix|spe|1
|-boost|p2a: Steelix|atk|1
|-boost|p2a: Steelix|def|1
|move|p1a: Terricks|Whirlwind|p2a: Steelix
|drag|p2a: Zapdos|Zapdos|100\/100 slp
|-start|p2a: Zapdos|typechange|Electric\/Flying|[silent]
|
|-heal|p1a: Terricks|132\/383|[from] item: Leftovers
|upkeep
|turn|39
|inactive|Time left: 300 sec this turn | 300 sec total
|
|t:|1685301006
|cant|p2a: Zapdos|slp
|move|p2a: Zapdos|Sleep Talk|p2a: Zapdos
|move|p2a: Zapdos|Thunderbolt|p1a: Terricks|[from]Sleep Talk
|-supereffective|p1a: Terricks
|-damage|p1a: Terricks|0 fnt
|faint|p1a: Terricks
|inactive|Time left: 300 sec this turn | 300 sec total
|
|t:|1685301010
|switch|p1a: Zapdos|Zapdos|231\/383
|-start|p1a: Zapdos|typechange|Electric\/Flying|[silent]
|
|-heal|p1a: Zapdos|254\/383|[from] item: Leftovers
|upkeep
|turn|40
|inactive|Time left: 300 sec this turn | 300 sec total
|
|t:|1685301014
|move|p1a: Zapdos|Rest|p1a: Zapdos
|-status|p1a: Zapdos|slp|[from] move: Rest
|-heal|p1a: Zapdos|383\/383 slp|[silent]
|-curestatus|p2a: Zapdos|slp|[msg]
|move|p2a: Zapdos|Thunderbolt|p1a: Zapdos
|-damage|p1a: Zapdos|247\/383 slp
|
|-heal|p1a: Zapdos|270\/383 slp|[from] item: Leftovers
|upkeep
|turn|41
|inactive|Time left: 300 sec this turn | 300 sec total
|
|t:|1685301018
|switch|p2a: Tyranitar|Tyranitar, M|46\/100
|-damage|p2a: Tyranitar|33\/100|[from] Spikes
|-start|p2a: Tyranitar|typechange|Rock\/Dark|[silent]
|cant|p1a: Zapdos|slp
|move|p1a: Zapdos|Sleep Talk|p1a: Zapdos
|move|p1a: Zapdos|Thunderbolt|p2a: Tyranitar|[from]Sleep Talk
|-damage|p2a: Tyranitar|0 fnt
|faint|p2a: Tyranitar
|inactive|Time left: 300 sec this turn | 300 sec total
|
|t:|1685301020
|switch|p2a: Zapdos|Zapdos|100\/100
|-start|p2a: Zapdos|typechange|Electric\/Flying|[silent]
|
|-heal|p1a: Zapdos|293\/383 slp|[from] item: Leftovers
|upkeep
|turn|42
|inactive|Time left: 300 sec this turn | 300 sec total
|
|t:|1685301022
|cant|p1a: Zapdos|slp
|move|p1a: Zapdos|Sleep Talk|p1a: Zapdos
|move|p1a: Zapdos|Hidden Power|p2a: Zapdos|[from]Sleep Talk
|-supereffective|p2a: Zapdos
|-damage|p2a: Zapdos|65\/100
|move|p2a: Zapdos|Thunderbolt|p1a: Zapdos
|-damage|p1a: Zapdos|149\/383 slp
|
|-heal|p1a: Zapdos|172\/383 slp|[from] item: Leftovers
|-heal|p2a: Zapdos|71\/100|[from] item: Leftovers
|upkeep
|turn|43
|inactive|Time left: 300 sec this turn | 300 sec total
|
|t:|1685301029
|move|p2a: Zapdos|Thunderbolt|p1a: Zapdos
|-damage|p1a: Zapdos|21\/383 slp
|-curestatus|p1a: Zapdos|slp|[msg]
|move|p1a: Zapdos|Rest|p1a: Zapdos
|-status|p1a: Zapdos|slp|[from] move: Rest
|-heal|p1a: Zapdos|383\/383 slp|[silent]
|
|-heal|p2a: Zapdos|77\/100|[from] item: Leftovers
|upkeep
|turn|44
|inactive|Time left: 300 sec this turn | 300 sec total
|
|t:|1685301031
|move|p2a: Zapdos|Thunderbolt|p1a: Zapdos
|-damage|p1a: Zapdos|236\/383 slp
|cant|p1a: Zapdos|slp
|move|p1a: Zapdos|Sleep Talk|p1a: Zapdos
|move|p1a: Zapdos|Thunderbolt|p2a: Zapdos|[from]Sleep Talk
|-damage|p2a: Zapdos|39\/100
|
|-heal|p1a: Zapdos|259\/383 slp|[from] item: Leftovers
|-heal|p2a: Zapdos|45\/100|[from] item: Leftovers
|upkeep
|turn|45
|inactive|Time left: 300 sec this turn | 300 sec total
|
|t:|1685301034
|cant|p1a: Zapdos|slp
|move|p1a: Zapdos|Sleep Talk|p1a: Zapdos
|move|p1a: Zapdos|Rest|p1a: Zapdos|[from]Sleep Talk
|-status|p1a: Zapdos|slp|[from] move: Rest
|-heal|p1a: Zapdos|383\/383 slp|[silent]
|move|p2a: Zapdos|Thunderbolt|p1a: Zapdos
|-damage|p1a: Zapdos|242\/383 slp
|
|-heal|p1a: Zapdos|265\/383 slp|[from] item: Leftovers
|-heal|p2a: Zapdos|51\/100|[from] item: Leftovers
|upkeep
|turn|46
|inactive|Time left: 300 sec this turn | 300 sec total
|
|t:|1685301040
|cant|p1a: Zapdos|slp
|move|p1a: Zapdos|Sleep Talk|p1a: Zapdos
|move|p1a: Zapdos|Rest|p1a: Zapdos|[from]Sleep Talk
|-status|p1a: Zapdos|slp|[from] move: Rest
|-heal|p1a: Zapdos|383\/383 slp|[silent]
|move|p2a: Zapdos|Rest|p2a: Zapdos
|-status|p2a: Zapdos|slp|[from] move: Rest
|-heal|p2a: Zapdos|100\/100 slp|[silent]
|
|upkeep
|turn|47
|inactive|Time left: 300 sec this turn | 300 sec total
|
|t:|1685301043
|cant|p1a: Zapdos|slp
|move|p1a: Zapdos|Sleep Talk|p1a: Zapdos
|move|p1a: Zapdos|Hidden Power|p2a: Zapdos|[from]Sleep Talk
|-supereffective|p2a: Zapdos
|-damage|p2a: Zapdos|64\/100 slp
|cant|p2a: Zapdos|slp
|move|p2a: Zapdos|Sleep Talk|p2a: Zapdos
|move|p2a: Zapdos|Rest|p2a: Zapdos|[from]Sleep Talk
|-status|p2a: Zapdos|slp|[from] move: Rest
|-heal|p2a: Zapdos|100\/100 slp|[silent]
|
|upkeep
|turn|48
|inactive|Time left: 300 sec this turn | 300 sec total
|
|t:|1685301051
|cant|p2a: Zapdos|slp
|move|p2a: Zapdos|Sleep Talk|p2a: Zapdos
|move|p2a: Zapdos|Hidden Power|p1a: Zapdos|[from]Sleep Talk
|-supereffective|p1a: Zapdos
|-damage|p1a: Zapdos|243\/383 slp
|cant|p1a: Zapdos|slp
|move|p1a: Zapdos|Sleep Talk|p1a: Zapdos
|move|p1a: Zapdos|Hidden Power|p2a: Zapdos|[from]Sleep Talk
|-supereffective|p2a: Zapdos
|-damage|p2a: Zapdos|62\/100 slp
|
|-heal|p1a: Zapdos|266\/383 slp|[from] item: Leftovers
|-heal|p2a: Zapdos|68\/100 slp|[from] item: Leftovers
|upkeep
|turn|49
|inactive|Time left: 300 sec this turn | 300 sec total
|
|t:|1685301056
|cant|p2a: Zapdos|slp
|move|p2a: Zapdos|Sleep Talk|p2a: Zapdos
|move|p2a: Zapdos|Thunderbolt|p1a: Zapdos|[from]Sleep Talk
|-damage|p1a: Zapdos|126\/383 slp
|-curestatus|p1a: Zapdos|slp|[msg]
|move|p1a: Zapdos|Hidden Power|p2a: Zapdos
|-supereffective|p2a: Zapdos
|-damage|p2a: Zapdos|29\/100 slp
|
|-heal|p1a: Zapdos|149\/383|[from] item: Leftovers
|-heal|p2a: Zapdos|35\/100 slp|[from] item: Leftovers
|upkeep
|turn|50
|inactive|Time left: 300 sec this turn | 300 sec total
|
|t:|1685301061
|move|p1a: Zapdos|Thunderbolt|p2a: Zapdos
|-damage|p2a: Zapdos|0 fnt
|faint|p2a: Zapdos
|inactive|Time left: 300 sec this turn | 300 sec total
|
|t:|1685301063
|switch|p2a: Steelix|Steelix, M|94\/100
|-start|p2a: Steelix|typechange|Steel\/Ground|[silent]
|-damage|p2a: Steelix|82\/100|[from] Spikes
|
|-heal|p1a: Zapdos|172\/383|[from] item: Leftovers
|-heal|p2a: Steelix|88\/100|[from] item: Leftovers
|upkeep
|turn|51
|inactive|Time left: 300 sec this turn | 300 sec total
|
|t:|1685301068
|move|p1a: Zapdos|Hidden Power|p2a: Steelix
|-damage|p2a: Steelix|66\/100
|move|p2a: Steelix|Explosion|p1a: Zapdos
|-damage|p1a: Zapdos|0 fnt
|faint|p2a: Steelix
|faint|p1a: Zapdos
|
|win|A Real Petmodster
|inactive|Time left: 300 sec this turn | 300 sec total
|c|☆A Real Petmodster|gg
|c|☆spellcaster|gg
|c|☆A Real Petmodster|!showset snorlax
|c| A Real Petmodster|\/raw <div class="infobox">Snorlax @ Leftovers<br \/>Ability: No Ability<br \/>EVs: 252 hp \/ 252 atk \/ 252 def \/ 252 spa \/ 252 spd \/ 252 spe<br \/>Serious Nature<br \/>IVs: 30 hp \/ 30 atk \/ 30 def \/ 30 spa \/ 30 spd \/ 30 spe<br \/>- Curse<br \/><br \/><\/div>
|c|☆spellcaster|.
|c|☆A Real Petmodster|i forgot the other moves
|c|☆A Real Petmodster|LMFAO
|l|☆spellcaster</script>
</div>
<div class="battle-log battle-log-inline"><div class="inner"><div class="battle-options"><div style="padding-top: 3px; padding-right: 3px; text-align: right"><button class="icon button" name="openBattleOptions" title="Options">Battle Options</button></div></div><div class="inner message-log"><div class="chat"><small>☆A Real Petmodster joined</small></div><div class=""><small>Format:</small> <br><strong>[Gen 2] Crystal: Sevii Islands</strong></div><div class=""><small><em>Sleep Clause Mod:</em> Limit one foe put to sleep</small></div><div class=""><small><em>Freeze Clause Mod:</em> Limit one foe frozen</small></div><div class=""><small><em>Species Clause:</em> Limit one of each Pokémon</small></div><div class=""><small><em>OHKO Clause:</em> OHKO moves are banned</small></div><div class=""><small><em>Evasion Moves Clause:</em> Evasion moves are banned</small></div><div class=""><small><em>Endless Battle Clause:</em> Forcing endless battles is banned</small></div><div class=""><small><em>HP Percentage Mod:</em> HP is shown in percentages</small></div><div class="chat"><img src="https://www.smogon.com/forums/attachments/151df61d-7d50-438a-ac00-32f18fe1424b-png.395890/" width="381" height="212"></div><div class="spacer battle-history"><br></div><div class="battle-history"><small>Welcome to Crystal: Sevii Islands!</small><br></div><div class="battle-history"><small>This is a [Gen 2] OU-based format where we add new Fakemon, items, moves and even lore!</small><br></div><div class="battle-history"><small>You can find our spreadsheet with all the new additions here:</small><br></div><div class="battle-history"><small>https://docs.google.com/spreadsheets/d/1QL_789vTzxG8An43itUxPonK9ee7ezxH6GCR9dD_JyQ/edit?usp=sharing</small><br></div><div class="battle-history"><small>Good luck and have fun with your battle!</small><br></div><div class="spacer battle-history"><br></div><div class="battle-history">Battle started between A Real Petmodster and spellcaster!<br></div><div class="spacer battle-history"><br></div><div class="battle-history">Go! <strong>Nidoking</strong>!<br></div><div class="spacer battle-history"><br></div><div class="battle-history">spellcaster sent out mana (<strong>Snorlax</strong>)!<br></div><div class="chat"><ul class="utilichart"><li class="result"><span class="col pokemonnamecol" style="white-space: nowrap">Nidoking</span> <span class="col typecol"><img src="https://play.pokemonshowdown.com/sprites/types/Poison.png" alt="Poison" width="32" height="14"><img src="https://play.pokemonshowdown.com/sprites/types/Ground.png" alt="Ground" width="32" height="14"></span> <span style="float: left ; min-height: 26px"><span class="col abilitycol">Poison Point / Rivalry</span><span class="col abilitycol"></span></span></li><li style="clear: both"></li></ul></div><div class="chat"><ul class="utilichart"><li class="result"><span style="float: left ; min-height: 26px"><span class="col statcol"><em>HP</em><br>81</span> <span class="col statcol"><em>Atk</em><br>92</span> <span class="col statcol"><em>Def</em><br>77</span> <span class="col statcol"><em>SpA</em><br>85</span> <span class="col statcol"><em>SpD</em><br>75</span> <span class="col statcol"><em>Spe</em><br>85</span> </span></li><li style="clear: both"></li></ul></div><div class="chat"><ul class="utilichart"><li class="result"><span class="col pokemonnamecol" style="white-space: nowrap">Snorlax</span> <span class="col typecol"><img src="https://play.pokemonshowdown.com/sprites/types/Normal.png" alt="Normal" width="32" height="14"></span> <span style="float: left ; min-height: 26px"><span class="col abilitycol">Immunity / Thick Fat</span><span class="col abilitycol"></span></span></li><li style="clear: both"></li></ul></div><div class="chat"><ul class="utilichart"><li class="result"><span style="float: left ; min-height: 26px"><span class="col statcol"><em>HP</em><br>160</span> <span class="col statcol"><em>Atk</em><br>110</span> <span class="col statcol"><em>Def</em><br>65</span> <span class="col statcol"><em>SpA</em><br>65</span> <span class="col statcol"><em>SpD</em><br>110</span> <span class="col statcol"><em>Spe</em><br>30</span> </span></li><li style="clear: both"></li></ul></div><div class="spacer battle-history"><br></div><h2 class="battle-history">Turn 1</h2><div class="chat message-error">Battle timer is ON: inactive players will automatically lose when time's up. (requested by spellcaster)</div><div class="chat chatmessage-arealpetmodster mine"><strong style="color:#3c9f60"><small>☆</small><span class="username" data-name="A Real Petmodster">A Real Petmodster</span>:</strong> <em>good luck</em></div><div class="spacer battle-history"><br></div><div class="battle-history">Nidoking used <strong>Lovely Kiss</strong>!<br></div><div class="battle-history"><small>The opposing mana fell asleep!</small><br></div><div class="spacer battle-history"><br></div><div class="battle-history">The opposing mana is fast asleep.<br></div><div class="spacer battle-history"><br></div><div class="battle-history"><small>Nidoking obtained one Sevii Sundae (3).</small><br></div><div class="spacer battle-history"><br></div><h2 class="battle-history">Turn 2</h2><div class="spacer battle-history"><br></div><div class="battle-history">spellcaster withdrew mana!<br></div><div class="battle-history">spellcaster sent out <strong>Zapdos</strong>!<br></div><div class="chat"><ul class="utilichart"><li class="result"><span class="col pokemonnamecol" style="white-space: nowrap">Zapdos</span> <span class="col typecol"><img src="https://play.pokemonshowdown.com/sprites/types/Electric.png" alt="Electric" width="32" height="14"><img src="https://play.pokemonshowdown.com/sprites/types/Flying.png" alt="Flying" width="32" height="14"></span> <span style="float: left ; min-height: 26px"><span class="col abilitycol">Pressure</span><span class="col abilitycol"></span></span></li><li style="clear: both"></li></ul></div><div class="chat"><ul class="utilichart"><li class="result"><span style="float: left ; min-height: 26px"><span class="col statcol"><em>HP</em><br>90</span> <span class="col statcol"><em>Atk</em><br>90</span> <span class="col statcol"><em>Def</em><br>85</span> <span class="col statcol"><em>SpA</em><br>125</span> <span class="col statcol"><em>SpD</em><br>90</span> <span class="col statcol"><em>Spe</em><br>100</span> </span></li><li style="clear: both"></li></ul></div><div class="spacer battle-history"><br></div><div class="battle-history">Nidoking used <strong>Thief</strong>!<br></div><div class="battle-history"><small>(The opposing Zapdos lost 8% of its health!)</small><br></div><div class="spacer battle-history"><br></div><div class="battle-history"><small>The opposing Zapdos restored a little HP using its Leftovers!</small><br></div><div class="battle-history"><small>Nidoking obtained one Sevii Sundae (2).</small><br></div><div class="spacer battle-history"><br></div><h2 class="battle-history">Turn 3</h2><div class="spacer battle-history"><br></div><div class="battle-history">The opposing Zapdos used <strong>Hidden Power</strong>!<br></div><div class="battle-history"><small>A critical hit!</small><br></div><div class="battle-history"><small>It's super effective!</small><br></div><div class="battle-history"><small>(Nidoking lost <abbr title="−292/365">80%</abbr> of its health!)</small><br></div><div class="spacer battle-history"><br></div><div class="battle-history">Nidoking used <strong>Ice Beam</strong>!<br></div><div class="battle-history"><small>It's super effective!</small><br></div><div class="battle-history"><small>(The opposing Zapdos lost 35% of its health!)</small><br></div><div class="spacer battle-history"><br></div><div class="battle-history"><small>The opposing Zapdos restored a little HP using its Leftovers!</small><br></div><div class="battle-history"><small>Nidoking restored HP using its Sevii Sundae (2)!</small><br></div><div class="battle-history"><small>Nidoking obtained one Sevii Sundae (1).</small><br></div><div class="spacer battle-history"><br></div><h2 class="battle-history">Turn 4</h2><div class="spacer battle-history"><br></div><div class="battle-history">Nidoking, come back!<br></div><div class="battle-history">Go! <strong>Snorlax</strong>!<br></div><div class="chat"><ul class="utilichart"><li class="result"><span class="col pokemonnamecol" style="white-space: nowrap">Snorlax</span> <span class="col typecol"><img src="https://play.pokemonshowdown.com/sprites/types/Normal.png" alt="Normal" width="32" height="14"></span> <span style="float: left ; min-height: 26px"><span class="col abilitycol">Immunity / Thick Fat</span><span class="col abilitycol"></span></span></li><li style="clear: both"></li></ul></div><div class="chat"><ul class="utilichart"><li class="result"><span style="float: left ; min-height: 26px"><span class="col statcol"><em>HP</em><br>160</span> <span class="col statcol"><em>Atk</em><br>110</span> <span class="col statcol"><em>Def</em><br>65</span> <span class="col statcol"><em>SpA</em><br>65</span> <span class="col statcol"><em>SpD</em><br>110</span> <span class="col statcol"><em>Spe</em><br>30</span> </span></li><li style="clear: both"></li></ul></div><div class="spacer battle-history"><br></div><div class="battle-history">The opposing Zapdos used <strong>Hidden Power</strong>!<br></div><div class="battle-history"><small>(Snorlax lost <abbr title="−60/523">11.5%</abbr> of its health!)</small><br></div><div class="spacer battle-history"><br></div><div class="battle-history"><small>The opposing Zapdos restored a little HP using its Leftovers!</small><br></div><div class="battle-history"><small>Snorlax restored a little HP using its Leftovers!</small><br></div><div class="spacer battle-history"><br></div><h2 class="battle-history">Turn 5</h2><div class="chat chatmessage-arealpetmodster mine"><strong style="color:#3c9f60"><small>☆</small><span class="username" data-name="A Real Petmodster">A Real Petmodster</span>:</strong> <em>uh</em></div><div class="chat"><small> zuchtrest3 joined</small></div><div class="chat chatmessage-zuchtrest3"><strong style="color:#5979b8"><small> </small><span class="username" data-name="zuchtrest3">zuchtrest3</span>:</strong> <em>kaggduschne</em></div><div class="spacer battle-history"><br></div><div class="battle-history">spellcaster withdrew Zapdos!<br></div><div class="battle-history">spellcaster sent out <strong>Steelix</strong>!<br></div><div class="chat"><ul class="utilichart"><li class="result"><span class="col pokemonnamecol" style="white-space: nowrap">Steelix</span> <span class="col typecol"><img src="https://play.pokemonshowdown.com/sprites/types/Steel.png" alt="Steel" width="32" height="14"><img src="https://play.pokemonshowdown.com/sprites/types/Ground.png" alt="Ground" width="32" height="14"></span> <span style="float: left ; min-height: 26px"><span class="col abilitycol">Rock Head / Sturdy</span><span class="col abilitycol"></span></span></li><li style="clear: both"></li></ul></div><div class="chat"><ul class="utilichart"><li class="result"><span style="float: left ; min-height: 26px"><span class="col statcol"><em>HP</em><br>75</span> <span class="col statcol"><em>Atk</em><br>85</span> <span class="col statcol"><em>Def</em><br>200</span> <span class="col statcol"><em>SpA</em><br>55</span> <span class="col statcol"><em>SpD</em><br>65</span> <span class="col statcol"><em>Spe</em><br>30</span> </span></li><li style="clear: both"></li></ul></div><div class="spacer battle-history"><br></div><div class="battle-history">Snorlax, come back!<br></div><div class="battle-history">Go! <strong>Nidoking</strong>!<br></div><div class="spacer battle-history"><br></div><div class="battle-history"><small>Nidoking restored HP using its Sevii Sundae (1)!</small><br></div><div class="battle-history"><small>(Nidoking used its Sevii Sundae (1)!)</small><br></div><div class="spacer battle-history"><br></div><h2 class="battle-history">Turn 6</h2><div class="chat"><small> omiwario joined</small></div><div class="spacer battle-history"><br></div><div class="battle-history">Nidoking, come back!<br></div><div class="battle-history">Go! <strong>Cloyster</strong>!<br></div><div class="chat"><ul class="utilichart"><li class="result"><span class="col pokemonnamecol" style="white-space: nowrap">Cloyster</span> <span class="col typecol"><img src="https://play.pokemonshowdown.com/sprites/types/Water.png" alt="Water" width="32" height="14"><img src="https://play.pokemonshowdown.com/sprites/types/Ice.png" alt="Ice" width="32" height="14"></span> <span style="float: left ; min-height: 26px"><span class="col abilitycol">Shell Armor / Skill Link</span><span class="col abilitycol"></span></span></li><li style="clear: both"></li></ul></div><div class="chat"><ul class="utilichart"><li class="result"><span style="float: left ; min-height: 26px"><span class="col statcol"><em>HP</em><br>50</span> <span class="col statcol"><em>Atk</em><br>95</span> <span class="col statcol"><em>Def</em><br>180</span> <span class="col statcol"><em>SpA</em><br>85</span> <span class="col statcol"><em>SpD</em><br>45</span> <span class="col statcol"><em>Spe</em><br>70</span> </span></li><li style="clear: both"></li></ul></div><div class="spacer battle-history"><br></div><div class="battle-history">The opposing Steelix used <strong>Earthquake</strong>!<br></div><div class="battle-history"><small>(Cloyster lost <abbr title="−68/303">22.4%</abbr> of its health!)</small><br></div><div class="spacer battle-history"><br></div><div class="battle-history"><small>Cloyster restored a little HP using its Leftovers!</small><br></div><div class="spacer battle-history"><br></div><h2 class="battle-history">Turn 7</h2><div class="chat"><small>+Monai joined</small></div><div class="spacer battle-history"><br></div><div class="battle-history">spellcaster withdrew Steelix!<br></div><div class="battle-history">spellcaster sent out <strong>Raikou</strong>!<br></div><div class="chat"><ul class="utilichart"><li class="result"><span class="col pokemonnamecol" style="white-space: nowrap">Raikou</span> <span class="col typecol"><img src="https://play.pokemonshowdown.com/sprites/types/Electric.png" alt="Electric" width="32" height="14"></span> <span style="float: left ; min-height: 26px"><span class="col abilitycol">Pressure</span><span class="col abilitycol"></span></span></li><li style="clear: both"></li></ul></div><div class="chat"><ul class="utilichart"><li class="result"><span style="float: left ; min-height: 26px"><span class="col statcol"><em>HP</em><br>90</span> <span class="col statcol"><em>Atk</em><br>85</span> <span class="col statcol"><em>Def</em><br>75</span> <span class="col statcol"><em>SpA</em><br>115</span> <span class="col statcol"><em>SpD</em><br>100</span> <span class="col statcol"><em>Spe</em><br>115</span> </span></li><li style="clear: both"></li></ul></div><div class="spacer battle-history"><br></div><div class="battle-history">Cloyster used <strong>Spikes</strong>!<br></div><div class="battle-history"><small>Spikes were scattered on the ground all around the opposing team!</small><br></div><div class="spacer battle-history"><br></div><div class="battle-history"><small>Cloyster restored a little HP using its Leftovers!</small><br></div><div class="spacer battle-history"><br></div><h2 class="battle-history">Turn 8</h2><div class="chat chatmessage-monai"><strong style="color:#b84696"><small>+</small><span class="username" data-name="Monai">Monai</span>:</strong> <em>If real friend lose fit me</em></div><div class="chat chatmessage-monai"><strong style="color:#b84696"><small>+</small><span class="username" data-name="Monai">Monai</span>:</strong> <em>For me</em></div><div class="spacer battle-history"><br></div><div class="battle-history">Cloyster, come back!<br></div><div class="battle-history">Go! <strong>Snorlax</strong>!<br></div><div class="spacer battle-history"><br></div><div class="battle-history">The opposing Raikou used <strong>Thunder</strong>!<br></div><div class="battle-history"><small>The opposing Raikou's attack missed!</small><br></div><div class="spacer battle-history"><br></div><div class="battle-history"><small>Snorlax restored a little HP using its Leftovers!</small><br></div><div class="spacer battle-history"><br></div><h2 class="battle-history">Turn 9</h2><div class="chat chatmessage-monai"><strong style="color:#b84696"><small>+</small><span class="username" data-name="Monai">Monai</span>:</strong> <em>Thanks buddy</em></div><div class="spacer battle-history"><br></div><div class="battle-history">spellcaster withdrew Raikou!<br></div><div class="battle-history">spellcaster sent out <strong>Cloyster</strong>!<br></div><div class="chat"><ul class="utilichart"><li class="result"><span class="col pokemonnamecol" style="white-space: nowrap">Cloyster</span> <span class="col typecol"><img src="https://play.pokemonshowdown.com/sprites/types/Water.png" alt="Water" width="32" height="14"><img src="https://play.pokemonshowdown.com/sprites/types/Ice.png" alt="Ice" width="32" height="14"></span> <span style="float: left ; min-height: 26px"><span class="col abilitycol">Shell Armor / Skill Link</span><span class="col abilitycol"></span></span></li><li style="clear: both"></li></ul></div><div class="chat"><ul class="utilichart"><li class="result"><span style="float: left ; min-height: 26px"><span class="col statcol"><em>HP</em><br>50</span> <span class="col statcol"><em>Atk</em><br>95</span> <span class="col statcol"><em>Def</em><br>180</span> <span class="col statcol"><em>SpA</em><br>85</span> <span class="col statcol"><em>SpD</em><br>45</span> <span class="col statcol"><em>Spe</em><br>70</span> </span></li><li style="clear: both"></li></ul></div><div class="battle-history"><small>The opposing Cloyster was hurt by the spikes!</small><br></div><div class="spacer battle-history"><br></div><div class="battle-history">Snorlax, come back!<br></div><div class="battle-history">Go! <strong>Nidoking</strong>!<br></div><div class="spacer battle-history"><br></div><div class="battle-history"><small>The opposing Cloyster restored a little HP using its Leftovers!</small><br></div><div class="spacer battle-history"><br></div><h2 class="battle-history">Turn 10</h2><div class="spacer battle-history"><br></div><div class="battle-history">Nidoking used <strong>Thief</strong>!<br></div><div class="battle-history"><small>(The opposing Cloyster lost 16% of its health!)</small><br></div><div class="battle-history"><small>Nidoking stole the opposing Cloyster's Leftovers!</small><br></div><div class="spacer battle-history"><br></div><div class="battle-history">The opposing Cloyster used <strong>Surf</strong>!<br></div><div class="battle-history"><small>It's super effective!</small><br></div><div class="battle-history"><small>(Nidoking lost <abbr title="−163/365">44.7%</abbr> of its health!)</small><br></div><div class="spacer battle-history"><br></div><div class="battle-history">Nidoking fainted!<br></div><div class="spacer battle-history"><br></div><div class="battle-history">Go! <strong>Gengar</strong>!<br></div><div class="chat"><ul class="utilichart"><li class="result"><span class="col pokemonnamecol" style="white-space: nowrap">Gengar</span> <span class="col typecol"><img src="https://play.pokemonshowdown.com/sprites/types/Ghost.png" alt="Ghost" width="32" height="14"><img src="https://play.pokemonshowdown.com/sprites/types/Poison.png" alt="Poison" width="32" height="14"></span> <span style="float: left ; min-height: 26px"><span class="col abilitycol">Levitate</span><span class="col abilitycol"></span></span></li><li style="clear: both"></li></ul></div><div class="chat"><ul class="utilichart"><li class="result"><span style="float: left ; min-height: 26px"><span class="col statcol"><em>HP</em><br>60</span> <span class="col statcol"><em>Atk</em><br>65</span> <span class="col statcol"><em>Def</em><br>60</span> <span class="col statcol"><em>SpA</em><br>130</span> <span class="col statcol"><em>SpD</em><br>75</span> <span class="col statcol"><em>Spe</em><br>110</span> </span></li><li style="clear: both"></li></ul></div><div class="spacer battle-history"><br></div><h2 class="battle-history">Turn 11</h2><div class="spacer battle-history"><br></div><div class="battle-history">spellcaster withdrew Cloyster!<br></div><div class="battle-history">spellcaster sent out <strong>Tyranitar</strong>!<br></div><div class="battle-history"><small>The opposing Tyranitar was hurt by the spikes!</small><br></div><div class="chat"><ul class="utilichart"><li class="result"><span class="col pokemonnamecol" style="white-space: nowrap">Tyranitar</span> <span class="col typecol"><img src="https://play.pokemonshowdown.com/sprites/types/Rock.png" alt="Rock" width="32" height="14"><img src="https://play.pokemonshowdown.com/sprites/types/Dark.png" alt="Dark" width="32" height="14"></span> <span style="float: left ; min-height: 26px"><span class="col abilitycol">Sand Stream</span><span class="col abilitycol"></span></span></li><li style="clear: both"></li></ul></div><div class="chat"><ul class="utilichart"><li class="result"><span style="float: left ; min-height: 26px"><span class="col statcol"><em>HP</em><br>100</span> <span class="col statcol"><em>Atk</em><br>134</span> <span class="col statcol"><em>Def</em><br>110</span> <span class="col statcol"><em>SpA</em><br>95</span> <span class="col statcol"><em>SpD</em><br>100</span> <span class="col statcol"><em>Spe</em><br>61</span> </span></li><li style="clear: both"></li></ul></div><div class="spacer battle-history"><br></div><div class="battle-history">Gengar used <strong>Thief</strong>!<br></div><div class="battle-history"><small>It's not very effective...</small><br></div><div class="battle-history"><small>(The opposing Tyranitar lost 5% of its health!)</small><br></div><div class="battle-history"><small>Gengar stole the opposing Tyranitar's Leftovers!</small><br></div><div class="spacer battle-history"><br></div><h2 class="battle-history">Turn 12</h2><div class="spacer battle-history"><br></div><div class="battle-history"><small>(Gengar is being withdrawn...)</small><br></div><div class="spacer battle-history"><br></div><div class="battle-history">The opposing Tyranitar used <strong>Pursuit</strong>!<br></div><div class="battle-history"><small>It's super effective!</small><br></div><div class="battle-history"><small>(Gengar lost <abbr title="−212/323">65.6%</abbr> of its health!)</small><br></div><div class="spacer battle-history"><br></div><div class="battle-history">Gengar, come back!<br></div><div class="battle-history">Go! <strong>Snorlax</strong>!<br></div><div class="spacer battle-history"><br></div><h2 class="battle-history">Turn 13</h2><div class="spacer battle-history"><br></div><div class="battle-history">spellcaster withdrew Tyranitar!<br></div><div class="battle-history">spellcaster sent out <strong>Steelix</strong>!<br></div><div class="battle-history"><small>The opposing Steelix was hurt by the spikes!</small><br></div><div class="spacer battle-history"><br></div><div class="battle-history">Snorlax used <strong>Curse</strong>!<br></div><div class="battle-history"><small>Snorlax's Speed fell!</small><br></div><div class="battle-history"><small>Snorlax's Attack rose!</small><br></div><div class="battle-history"><small>Snorlax's Defense rose!</small><br></div><div class="spacer battle-history"><br></div><div class="battle-history"><small>The opposing Steelix restored a little HP using its Leftovers!</small><br></div><div class="spacer battle-history"><br></div><h2 class="battle-history">Turn 14</h2><div class="spacer battle-history"><br></div><div class="battle-history">Snorlax, come back!<br></div><div class="battle-history">Go! <strong>Cloyster</strong>!<br></div><div class="spacer battle-history"><br></div><div class="battle-history">The opposing Steelix used <strong>Earthquake</strong>!<br></div><div class="battle-history"><small>(Cloyster lost <abbr title="−71/303">23.4%</abbr> of its health!)</small><br></div><div class="spacer battle-history"><br></div><div class="battle-history"><small>Cloyster restored a little HP using its Leftovers!</small><br></div><div class="battle-history"><small>The opposing Steelix restored a little HP using its Leftovers!</small><br></div><div class="spacer battle-history"><br></div><h2 class="battle-history">Turn 15</h2><div class="spacer battle-history"><br></div><div class="battle-history">Cloyster, come back!<br></div><div class="battle-history">Go! <strong>Gengar</strong>!<br></div><div class="spacer battle-history"><br></div><div class="battle-history">spellcaster withdrew Steelix!<br></div><div class="battle-history">spellcaster sent out <strong>Zapdos</strong>!<br></div><div class="spacer battle-history"><br></div><div class="battle-history"><small>Gengar restored a little HP using its Leftovers!</small><br></div><div class="battle-history"><small>The opposing Zapdos restored a little HP using its Leftovers!</small><br></div><div class="spacer battle-history"><br></div><h2 class="battle-history">Turn 16</h2><div class="spacer battle-history"><br></div><div class="battle-history">Gengar, come back!<br></div><div class="battle-history">Go! <strong>Snorlax</strong>!<br></div><div class="spacer battle-history"><br></div><div class="battle-history">spellcaster withdrew Zapdos!<br></div><div class="battle-history">spellcaster sent out <strong>Tyranitar</strong>!<br></div><div class="battle-history"><small>The opposing Tyranitar was hurt by the spikes!</small><br></div><div class="spacer battle-history"><br></div><h2 class="battle-history">Turn 17</h2><div class="spacer battle-history"><br></div><div class="battle-history">spellcaster withdrew Tyranitar!<br></div><div class="battle-history">spellcaster sent out <strong>Cloyster</strong>!<br></div><div class="battle-history"><small>The opposing Cloyster was hurt by the spikes!</small><br></div><div class="spacer battle-history"><br></div><div class="battle-history">Snorlax used <strong>Curse</strong>!<br></div><div class="battle-history"><small>Snorlax's Speed fell!</small><br></div><div class="battle-history"><small>Snorlax's Attack rose!</small><br></div><div class="battle-history"><small>Snorlax's Defense rose!</small><br></div><div class="spacer battle-history"><br></div><h2 class="battle-history">Turn 18</h2><div class="spacer battle-history"><br></div><div class="battle-history">Snorlax, come back!<br></div><div class="battle-history">Go! <strong>Gengar</strong>!<br></div><div class="spacer battle-history"><br></div><div class="battle-history">The opposing Cloyster used <strong>Spikes</strong>!<br></div><div class="battle-history"><small>Spikes were scattered on the ground all around your team!</small><br></div><div class="spacer battle-history"><br></div><div class="battle-history"><small>Gengar restored a little HP using its Leftovers!</small><br></div><div class="spacer battle-history"><br></div><h2 class="battle-history">Turn 19</h2><div class="spacer battle-history"><br></div><div class="battle-history">Gengar, come back!<br></div><div class="battle-history">Go! <strong>Snorlax</strong>!<br></div><div class="battle-history"><small>Snorlax was hurt by the spikes!</small><br></div><div class="spacer battle-history"><br></div><div class="battle-history">spellcaster withdrew Cloyster!<br></div><div class="battle-history">spellcaster sent out <strong>Tyranitar</strong>!<br></div><div class="battle-history"><small>The opposing Tyranitar was hurt by the spikes!</small><br></div><div class="spacer battle-history"><br></div><div class="battle-history"><small>Snorlax restored a little HP using its Leftovers!</small><br></div><div class="spacer battle-history"><br></div><h2 class="battle-history">Turn 20</h2><div class="chat"><small> omiwario left</small></div><div class="spacer battle-history"><br></div><div class="battle-history">spellcaster withdrew Tyranitar!<br></div><div class="battle-history">spellcaster sent out <strong>Steelix</strong>!<br></div><div class="battle-history"><small>The opposing Steelix was hurt by the spikes!</small><br></div><div class="spacer battle-history"><br></div><div class="battle-history">Snorlax used <strong>Curse</strong>!<br></div><div class="battle-history"><small>Snorlax's Speed fell!</small><br></div><div class="battle-history"><small>Snorlax's Attack rose!</small><br></div><div class="battle-history"><small>Snorlax's Defense rose!</small><br></div><div class="spacer battle-history"><br></div><div class="battle-history"><small>The opposing Steelix restored a little HP using its Leftovers!</small><br></div><div class="battle-history"><small>Snorlax restored a little HP using its Leftovers!</small><br></div><div class="spacer battle-history"><br></div><h2 class="battle-history">Turn 21</h2><div class="spacer battle-history"><br></div><div class="battle-history">Snorlax, come back!<br></div><div class="battle-history">Go! <strong>Zapdos</strong>!<br></div><div class="chat"><ul class="utilichart"><li class="result"><span class="col pokemonnamecol" style="white-space: nowrap">Zapdos</span> <span class="col typecol"><img src="https://play.pokemonshowdown.com/sprites/types/Electric.png" alt="Electric" width="32" height="14"><img src="https://play.pokemonshowdown.com/sprites/types/Flying.png" alt="Flying" width="32" height="14"></span> <span style="float: left ; min-height: 26px"><span class="col abilitycol">Pressure</span><span class="col abilitycol"></span></span></li><li style="clear: both"></li></ul></div><div class="chat"><ul class="utilichart"><li class="result"><span style="float: left ; min-height: 26px"><span class="col statcol"><em>HP</em><br>90</span> <span class="col statcol"><em>Atk</em><br>90</span> <span class="col statcol"><em>Def</em><br>85</span> <span class="col statcol"><em>SpA</em><br>125</span> <span class="col statcol"><em>SpD</em><br>90</span> <span class="col statcol"><em>Spe</em><br>100</span> </span></li><li style="clear: both"></li></ul></div><div class="spacer battle-history"><br></div><div class="battle-history">The opposing Steelix used <strong>Curse</strong>!<br></div><div class="battle-history"><small>The opposing Steelix's Speed fell!</small><br></div><div class="battle-history"><small>The opposing Steelix's Attack rose!</small><br></div><div class="battle-history"><small>The opposing Steelix's Defense rose!</small><br></div><div class="spacer battle-history"><br></div><div class="battle-history"><small>The opposing Steelix restored a little HP using its Leftovers!</small><br></div><div class="spacer battle-history"><br></div><h2 class="battle-history">Turn 22</h2><div class="spacer battle-history"><br></div><div class="battle-history">Zapdos, come back!<br></div><div class="battle-history">Go! <strong>Cloyster</strong>!<br></div><div class="battle-history"><small>Cloyster was hurt by the spikes!</small><br></div><div class="spacer battle-history"><br></div><div class="battle-history">spellcaster withdrew Steelix!<br></div><div class="battle-history">spellcaster sent out <strong>Raikou</strong>!<br></div><div class="battle-history"><small>The opposing Raikou was hurt by the spikes!</small><br></div><div class="spacer battle-history"><br></div><div class="battle-history"><small>The opposing Raikou restored a little HP using its Leftovers!</small><br></div><div class="battle-history"><small>Cloyster restored a little HP using its Leftovers!</small><br></div><div class="spacer battle-history"><br></div><h2 class="battle-history">Turn 23</h2><div class="spacer battle-history"><br></div><div class="battle-history">Cloyster, come back!<br></div><div class="battle-history">Go! <strong>Snorlax</strong>!<br></div><div class="battle-history"><small>Snorlax was hurt by the spikes!</small><br></div><div class="spacer battle-history"><br></div><div class="battle-history">The opposing Raikou used <strong>Thunder</strong>!<br></div><div class="battle-history"><small>The opposing Raikou's attack missed!</small><br></div><div class="spacer battle-history"><br></div><div class="battle-history"><small>The opposing Raikou restored a little HP using its Leftovers!</small><br></div><div class="battle-history"><small>Snorlax restored a little HP using its Leftovers!</small><br></div><div class="spacer battle-history"><br></div><h2 class="battle-history">Turn 24</h2><div class="spacer battle-history"><br></div><div class="battle-history">Snorlax, come back!<br></div><div class="battle-history">Go! <strong>Cloyster</strong>!<br></div><div class="battle-history"><small>Cloyster was hurt by the spikes!</small><br></div><div class="spacer battle-history"><br></div><div class="battle-history">The opposing Raikou used <strong>Thunder</strong>!<br></div><div class="battle-history"><small>The opposing Raikou's attack missed!</small><br></div><div class="spacer battle-history"><br></div><div class="battle-history"><small>The opposing Raikou restored a little HP using its Leftovers!</small><br></div><div class="battle-history"><small>Cloyster restored a little HP using its Leftovers!</small><br></div><div class="spacer battle-history"><br></div><h2 class="battle-history">Turn 25</h2><div class="spacer battle-history"><br></div><div class="battle-history">The opposing Raikou used <strong>Thunder</strong>!<br></div><div class="battle-history"><small>The opposing Raikou's attack missed!</small><br></div><div class="spacer battle-history"><br></div><div class="battle-history">Cloyster used <strong>Surf</strong>!<br></div><div class="battle-history"><small>(The opposing Raikou lost 25% of its health!)</small><br></div><div class="spacer battle-history"><br></div><div class="battle-history"><small>The opposing Raikou restored a little HP using its Leftovers!</small><br></div><div class="battle-history"><small>Cloyster restored a little HP using its Leftovers!</small><br></div><div class="spacer battle-history"><br></div><h2 class="battle-history">Turn 26</h2><div class="spacer battle-history"><br></div><div class="battle-history">The opposing Raikou used <strong>Thunder</strong>!<br></div><div class="battle-history"><small>The opposing Raikou's attack missed!</small><br></div><div class="spacer battle-history"><br></div><div class="battle-history">Cloyster used <strong>Explosion</strong>!<br></div><div class="battle-history"><small>(The opposing Raikou lost 81% of its health!)</small><br></div><div class="spacer battle-history"><br></div><div class="battle-history">Cloyster fainted!<br></div><div class="battle-history">The opposing Raikou fainted!<br></div><div class="chat chatmessage-arealpetmodster mine"><strong style="color:#3c9f60"><small>☆</small><span class="username" data-name="A Real Petmodster">A Real Petmodster</span>:</strong> <em>LMFAO</em></div><div class="chat chatmessage-arealpetmodster mine"><strong style="color:#3c9f60"><small>☆</small><span class="username" data-name="A Real Petmodster">A Real Petmodster</span>:</strong> <em>ok ill show you something funny</em></div><div class="chat chatmessage-arealpetmodster mine"><strong style="color:#3c9f60"><small>☆</small><span class="username" data-name="A Real Petmodster">A Real Petmodster</span>:</strong> <em>after the games over</em></div><div class="chat"><small>+Monai left</small></div><div class="chat chatmessage-spellcaster"><strong style="color:#899b41"><small>☆</small><span class="username" data-name="spellcaster">spellcaster</span>:</strong> <em>tbolt &gt; thunder</em></div><div class="chat message-error">spellcaster has 270 seconds left.</div><div class="spacer battle-history"><br></div><div class="battle-history">spellcaster sent out mana (<strong>Snorlax</strong>)!<br></div><div class="spacer battle-history"><br></div><div class="battle-history">Go! <strong>Gengar</strong>!<br></div><div class="battle-history"><small>Gengar was hurt by the spikes!</small><br></div><div class="battle-history"><small>The opposing mana was hurt by the spikes!</small><br></div><div class="spacer battle-history"><br></div><div class="battle-history"><small>Gengar restored a little HP using its Leftovers!</small><br></div><div class="battle-history"><small>The opposing mana restored a little HP using its Leftovers!</small><br></div><div class="spacer battle-history"><br></div><h2 class="battle-history">Turn 27</h2><div class="spacer battle-history"><br></div><div class="battle-history">Gengar, come back!<br></div><div class="battle-history">Go! <strong>Terricks</strong>!<br></div><div class="chat"><ul class="utilichart"><li class="result"><span class="col pokemonnamecol" style="white-space: nowrap">Terricks</span> <span class="col typecol"><img src="https://play.pokemonshowdown.com/sprites/types/Rock.png" alt="Rock" width="32" height="14"><img src="https://play.pokemonshowdown.com/sprites/types/Flying.png" alt="Flying" width="32" height="14"></span> <span style="float: left ; min-height: 26px"><span class="col abilitycol">No Ability</span><span class="col abilitycol"></span></span></li><li style="clear: both"></li></ul></div><div class="chat"><ul class="utilichart"><li class="result"><span style="float: left ; min-height: 26px"><span class="col statcol"><em>HP</em><br>90</span> <span class="col statcol"><em>Atk</em><br>125</span> <span class="col statcol"><em>Def</em><br>160</span> <span class="col statcol"><em>SpA</em><br>90</span> <span class="col statcol"><em>SpD</em><br>50</span> <span class="col statcol"><em>Spe</em><br>65</span> </span></li><li style="clear: both"></li></ul></div><div class="spacer battle-history"><br></div><div class="battle-history">The opposing mana is fast asleep.<br></div><div class="spacer battle-history"><br></div><div class="battle-history"><small>The opposing mana restored a little HP using its Leftovers!</small><br></div><div class="spacer battle-history"><br></div><h2 class="battle-history">Turn 28</h2><div class="spacer battle-history"><br></div><div class="battle-history"><small>The opposing mana woke up!</small><br></div><div class="spacer battle-history"><br></div><div class="battle-history">The opposing mana used <strong>Thunder</strong>!<br></div><div class="battle-history"><small>It's super effective!</small><br></div><div class="battle-history"><small>(Terricks lost <abbr title="−225/383">58.7%</abbr> of its health!)</small><br></div><div class="spacer battle-history"><br></div><div class="battle-history">Terricks used <strong>Whirlwind</strong>!<br></div><div class="spacer battle-history"><br></div><div class="battle-history"><strong>Tyranitar</strong> was dragged out!<br></div><div class="battle-history"><small>The opposing Tyranitar was hurt by the spikes!</small><br></div><div class="spacer battle-history"><br></div><div class="battle-history"><small>Terricks restored a little HP using its Leftovers!</small><br></div><div class="spacer battle-history"><br></div><h2 class="battle-history">Turn 29</h2><div class="chat"><small> zuchtrest3 left</small></div><div class="spacer battle-history"><br></div><div class="battle-history">spellcaster withdrew Tyranitar!<br></div><div class="battle-history">spellcaster sent out <strong>Zapdos</strong>!<br></div><div class="spacer battle-history"><br></div><div class="battle-history">Terricks used <strong>Rock Slide</strong>!<br></div><div class="battle-history"><small>It's super effective!</small><br></div><div class="battle-history"><small>(The opposing Zapdos lost 65% of its health!)</small><br></div><div class="spacer battle-history"><br></div><div class="battle-history"><small>The opposing Zapdos restored a little HP using its Leftovers!</small><br></div><div class="battle-history"><small>Terricks restored a little HP using its Leftovers!</small><br></div><div class="spacer battle-history"><br></div><h2 class="battle-history">Turn 30</h2><div class="spacer battle-history"><br></div><div class="battle-history">Terricks, come back!<br></div><div class="battle-history">Go! <strong>Zapdos</strong>!<br></div><div class="spacer battle-history"><br></div><div class="battle-history">The opposing Zapdos used <strong>Rest</strong>!<br></div><div class="battle-history"><small>The opposing Zapdos slept and became healthy!</small><br></div><div class="spacer battle-history"><br></div><h2 class="battle-history">Turn 31</h2><div class="spacer battle-history"><br></div><div class="battle-history">spellcaster withdrew Zapdos!<br></div><div class="battle-history">spellcaster sent out mana (<strong>Snorlax</strong>)!<br></div><div class="battle-history"><small>The opposing mana was hurt by the spikes!</small><br></div><div class="spacer battle-history"><br></div><div class="battle-history">Zapdos used <strong>Thunderbolt</strong>!<br></div><div class="battle-history"><small>(The opposing mana lost 25% of its health!)</small><br></div><div class="spacer battle-history"><br></div><div class="battle-history"><small>The opposing mana restored a little HP using its Leftovers!</small><br></div><div class="spacer battle-history"><br></div><h2 class="battle-history">Turn 32</h2><div class="spacer battle-history"><br></div><div class="battle-history">Zapdos used <strong>Thunderbolt</strong>!<br></div><div class="battle-history"><small>(The opposing mana lost 25% of its health!)</small><br></div><div class="spacer battle-history"><br></div><div class="battle-history">The opposing mana used <strong>Double-Edge</strong>!<br></div><div class="battle-history"><small>(Zapdos lost <abbr title="−175/383">45.7%</abbr> of its health!)</small><br></div><div class="battle-history"><small>The opposing mana was damaged by the recoil!</small><br></div><div class="spacer battle-history"><br></div><div class="battle-history"><small>Zapdos restored a little HP using its Leftovers!</small><br></div><div class="battle-history"><small>The opposing mana restored a little HP using its Leftovers!</small><br></div><div class="spacer battle-history"><br></div><h2 class="battle-history">Turn 33</h2><div class="spacer battle-history"><br></div><div class="battle-history">Zapdos, come back!<br></div><div class="battle-history">Go! <strong>Gengar</strong>!<br></div><div class="battle-history"><small>Gengar was hurt by the spikes!</small><br></div><div class="spacer battle-history"><br></div><div class="battle-history">The opposing mana used <strong>Double-Edge</strong>!<br></div><div class="battle-history"><small>It doesn't affect Gengar...</small><br></div><div class="spacer battle-history"><br></div><div class="battle-history"><small>Gengar restored a little HP using its Leftovers!</small><br></div><div class="battle-history"><small>The opposing mana restored a little HP using its Leftovers!</small><br></div><div class="spacer battle-history"><br></div><h2 class="battle-history">Turn 34</h2><div class="spacer battle-history"><br></div><div class="battle-history">Gengar used <strong>Explosion</strong>!<br></div><div class="battle-history"><small>(The opposing mana lost 48% of its health!)</small><br></div><div class="spacer battle-history"><br></div><div class="battle-history">Gengar fainted!<br></div><div class="battle-history">The opposing mana fainted!<br></div><div class="spacer battle-history"><br></div><div class="battle-history">Go! <strong>Snorlax</strong>!<br></div><div class="spacer battle-history"><br></div><div class="battle-history">spellcaster sent out <strong>Cloyster</strong>!<br></div><div class="battle-history"><small>The opposing Cloyster was hurt by the spikes!</small><br></div><div class="battle-history"><small>Snorlax was hurt by the spikes!</small><br></div><div class="spacer battle-history"><br></div><div class="battle-history"><small>Snorlax restored a little HP using its Leftovers!</small><br></div><div class="spacer battle-history"><br></div><h2 class="battle-history">Turn 35</h2><div class="spacer battle-history"><br></div><div class="battle-history">Snorlax, come back!<br></div><div class="battle-history">Go! <strong>Terricks</strong>!<br></div><div class="spacer battle-history"><br></div><div class="battle-history">The opposing Cloyster used <strong>Explosion</strong>!<br></div><div class="battle-history"><small>It's not very effective...</small><br></div><div class="battle-history"><small>(Terricks lost <abbr title="−141/383">36.8%</abbr> of its health!)</small><br></div><div class="spacer battle-history"><br></div><div class="battle-history">The opposing Cloyster fainted!<br></div><div class="spacer battle-history"><br></div><div class="battle-history">spellcaster sent out <strong>Zapdos</strong>!<br></div><div class="spacer battle-history"><br></div><div class="battle-history"><small>Terricks restored a little HP using its Leftovers!</small><br></div><div class="spacer battle-history"><br></div><h2 class="battle-history">Turn 36</h2><div class="spacer battle-history"><br></div><div class="battle-history">Terricks, come back!<br></div><div class="battle-history">Go! <strong>Snorlax</strong>!<br></div><div class="battle-history"><small>Snorlax was hurt by the spikes!</small><br></div><div class="spacer battle-history"><br></div><div class="battle-history">The opposing Zapdos is fast asleep.<br></div><div class="spacer battle-history"><br></div><div class="battle-history">The opposing Zapdos used <strong>Sleep Talk</strong>!<br></div><div class="spacer battle-history"><br></div><div class="battle-history">The opposing Zapdos used <strong>Rest</strong>!<br></div><div class="battle-history"><small>But it failed!</small><br></div><div class="spacer battle-history"><br></div><div class="battle-history"><small>Snorlax restored a little HP using its Leftovers!</small><br></div><div class="spacer battle-history"><br></div><h2 class="battle-history">Turn 37</h2><div class="spacer battle-history"><br></div><div class="battle-history">spellcaster withdrew Zapdos!<br></div><div class="battle-history">spellcaster sent out <strong>Steelix</strong>!<br></div><div class="battle-history"><small>The opposing Steelix was hurt by the spikes!</small><br></div><div class="spacer battle-history"><br></div><div class="battle-history">Snorlax, come back!<br></div><div class="battle-history">Go! <strong>Terricks</strong>!<br></div><div class="spacer battle-history"><br></div><div class="battle-history"><small>Terricks restored a little HP using its Leftovers!</small><br></div><div class="battle-history"><small>The opposing Steelix restored a little HP using its Leftovers!</small><br></div><div class="spacer battle-history"><br></div><h2 class="battle-history">Turn 38</h2><div class="spacer battle-history"><br></div><div class="battle-history">The opposing Steelix used <strong>Curse</strong>!<br></div><div class="battle-history"><small>The opposing Steelix's Speed fell!</small><br></div><div class="battle-history"><small>The opposing Steelix's Attack rose!</small><br></div><div class="battle-history"><small>The opposing Steelix's Defense rose!</small><br></div><div class="spacer battle-history"><br></div><div class="battle-history">Terricks used <strong>Whirlwind</strong>!<br></div><div class="spacer battle-history"><br></div><div class="battle-history"><strong>Zapdos</strong> was dragged out!<br></div><div class="spacer battle-history"><br></div><div class="battle-history"><small>Terricks restored a little HP using its Leftovers!</small><br></div><div class="spacer battle-history"><br></div><h2 class="battle-history">Turn 39</h2><div class="spacer battle-history"><br></div><div class="battle-history">The opposing Zapdos is fast asleep.<br></div><div class="spacer battle-history"><br></div><div class="battle-history">The opposing Zapdos used <strong>Sleep Talk</strong>!<br></div><div class="spacer battle-history"><br></div><div class="battle-history">The opposing Zapdos used <strong>Thunderbolt</strong>!<br></div><div class="battle-history"><small>It's super effective!</small><br></div><div class="battle-history"><small>(Terricks lost <abbr title="−132/383">34.5%</abbr> of its health!)</small><br></div><div class="spacer battle-history"><br></div><div class="battle-history">Terricks fainted!<br></div><div class="spacer battle-history"><br></div><div class="battle-history">Go! <strong>Zapdos</strong>!<br></div><div class="spacer battle-history"><br></div><div class="battle-history"><small>Zapdos restored a little HP using its Leftovers!</small><br></div><div class="spacer battle-history"><br></div><h2 class="battle-history">Turn 40</h2><div class="spacer battle-history"><br></div><div class="battle-history">Zapdos used <strong>Rest</strong>!<br></div><div class="battle-history"><small>Zapdos slept and became healthy!</small><br></div><div class="battle-history"><small>The opposing Zapdos woke up!</small><br></div><div class="spacer battle-history"><br></div><div class="battle-history">The opposing Zapdos used <strong>Thunderbolt</strong>!<br></div><div class="battle-history"><small>(Zapdos lost <abbr title="−136/383">35.5%</abbr> of its health!)</small><br></div><div class="spacer battle-history"><br></div><div class="battle-history"><small>Zapdos restored a little HP using its Leftovers!</small><br></div><div class="spacer battle-history"><br></div><h2 class="battle-history">Turn 41</h2><div class="spacer battle-history"><br></div><div class="battle-history">spellcaster withdrew Zapdos!<br></div><div class="battle-history">spellcaster sent out <strong>Tyranitar</strong>!<br></div><div class="battle-history"><small>The opposing Tyranitar was hurt by the spikes!</small><br></div><div class="spacer battle-history"><br></div><div class="battle-history">Zapdos is fast asleep.<br></div><div class="spacer battle-history"><br></div><div class="battle-history">Zapdos used <strong>Sleep Talk</strong>!<br></div><div class="spacer battle-history"><br></div><div class="battle-history">Zapdos used <strong>Thunderbolt</strong>!<br></div><div class="battle-history"><small>(The opposing Tyranitar lost 33% of its health!)</small><br></div><div class="spacer battle-history"><br></div><div class="battle-history">The opposing Tyranitar fainted!<br></div><div class="spacer battle-history"><br></div><div class="battle-history">spellcaster sent out <strong>Zapdos</strong>!<br></div><div class="spacer battle-history"><br></div><div class="battle-history"><small>Zapdos restored a little HP using its Leftovers!</small><br></div><div class="spacer battle-history"><br></div><h2 class="battle-history">Turn 42</h2><div class="spacer battle-history"><br></div><div class="battle-history">Zapdos is fast asleep.<br></div><div class="spacer battle-history"><br></div><div class="battle-history">Zapdos used <strong>Sleep Talk</strong>!<br></div><div class="spacer battle-history"><br></div><div class="battle-history">Zapdos used <strong>Hidden Power</strong>!<br></div><div class="battle-history"><small>It's super effective!</small><br></div><div class="battle-history"><small>(The opposing Zapdos lost 35% of its health!)</small><br></div><div class="spacer battle-history"><br></div><div class="battle-history">The opposing Zapdos used <strong>Thunderbolt</strong>!<br></div><div class="battle-history"><small>(Zapdos lost <abbr title="−144/383">37.6%</abbr> of its health!)</small><br></div><div class="spacer battle-history"><br></div><div class="battle-history"><small>Zapdos restored a little HP using its Leftovers!</small><br></div><div class="battle-history"><small>The opposing Zapdos restored a little HP using its Leftovers!</small><br></div><div class="spacer battle-history"><br></div><h2 class="battle-history">Turn 43</h2><div class="spacer battle-history"><br></div><div class="battle-history">The opposing Zapdos used <strong>Thunderbolt</strong>!<br></div><div class="battle-history"><small>(Zapdos lost <abbr title="−151/383">39.4%</abbr> of its health!)</small><br></div><div class="battle-history"><small>Zapdos woke up!</small><br></div><div class="spacer battle-history"><br></div><div class="battle-history">Zapdos used <strong>Rest</strong>!<br></div><div class="battle-history"><small>Zapdos slept and became healthy!</small><br></div><div class="spacer battle-history"><br></div><div class="battle-history"><small>The opposing Zapdos restored a little HP using its Leftovers!</small><br></div><div class="spacer battle-history"><br></div><h2 class="battle-history">Turn 44</h2><div class="spacer battle-history"><br></div><div class="battle-history">The opposing Zapdos used <strong>Thunderbolt</strong>!<br></div><div class="battle-history"><small>(Zapdos lost <abbr title="−147/383">38.4%</abbr> of its health!)</small><br></div><div class="spacer battle-history"><br></div><div class="battle-history">Zapdos is fast asleep.<br></div><div class="spacer battle-history"><br></div><div class="battle-history">Zapdos used <strong>Sleep Talk</strong>!<br></div><div class="spacer battle-history"><br></div><div class="battle-history">Zapdos used <strong>Thunderbolt</strong>!<br></div><div class="battle-history"><small>(The opposing Zapdos lost 38% of its health!)</small><br></div><div class="spacer battle-history"><br></div><div class="battle-history"><small>Zapdos restored a little HP using its Leftovers!</small><br></div><div class="battle-history"><small>The opposing Zapdos restored a little HP using its Leftovers!</small><br></div><div class="spacer battle-history"><br></div><h2 class="battle-history">Turn 45</h2><div class="spacer battle-history"><br></div><div class="battle-history">Zapdos is fast asleep.<br></div><div class="spacer battle-history"><br></div><div class="battle-history">Zapdos used <strong>Sleep Talk</strong>!<br></div><div class="spacer battle-history"><br></div><div class="battle-history">Zapdos used <strong>Rest</strong>!<br></div><div class="battle-history"><small>Zapdos slept and became healthy!</small><br></div><div class="spacer battle-history"><br></div><div class="battle-history">The opposing Zapdos used <strong>Thunderbolt</strong>!<br></div><div class="battle-history"><small>(Zapdos lost <abbr title="−141/383">36.8%</abbr> of its health!)</small><br></div><div class="spacer battle-history"><br></div><div class="battle-history"><small>Zapdos restored a little HP using its Leftovers!</small><br></div><div class="battle-history"><small>The opposing Zapdos restored a little HP using its Leftovers!</small><br></div><div class="spacer battle-history"><br></div><h2 class="battle-history">Turn 46</h2><div class="spacer battle-history"><br></div><div class="battle-history">Zapdos is fast asleep.<br></div><div class="spacer battle-history"><br></div><div class="battle-history">Zapdos used <strong>Sleep Talk</strong>!<br></div><div class="spacer battle-history"><br></div><div class="battle-history">Zapdos used <strong>Rest</strong>!<br></div><div class="battle-history"><small>Zapdos slept and became healthy!</small><br></div><div class="spacer battle-history"><br></div><div class="battle-history">The opposing Zapdos used <strong>Rest</strong>!<br></div><div class="battle-history"><small>The opposing Zapdos slept and became healthy!</small><br></div><div class="spacer battle-history"><br></div><h2 class="battle-history">Turn 47</h2><div class="spacer battle-history"><br></div><div class="battle-history">Zapdos is fast asleep.<br></div><div class="spacer battle-history"><br></div><div class="battle-history">Zapdos used <strong>Sleep Talk</strong>!<br></div><div class="spacer battle-history"><br></div><div class="battle-history">Zapdos used <strong>Hidden Power</strong>!<br></div><div class="battle-history"><small>It's super effective!</small><br></div><div class="battle-history"><small>(The opposing Zapdos lost 36% of its health!)</small><br></div><div class="spacer battle-history"><br></div><div class="battle-history">The opposing Zapdos is fast asleep.<br></div><div class="spacer battle-history"><br></div><div class="battle-history">The opposing Zapdos used <strong>Sleep Talk</strong>!<br></div><div class="spacer battle-history"><br></div><div class="battle-history">The opposing Zapdos used <strong>Rest</strong>!<br></div><div class="battle-history"><small>The opposing Zapdos slept and became healthy!</small><br></div><div class="spacer battle-history"><br></div><h2 class="battle-history">Turn 48</h2><div class="spacer battle-history"><br></div><div class="battle-history">The opposing Zapdos is fast asleep.<br></div><div class="spacer battle-history"><br></div><div class="battle-history">The opposing Zapdos used <strong>Sleep Talk</strong>!<br></div><div class="spacer battle-history"><br></div><div class="battle-history">The opposing Zapdos used <strong>Hidden Power</strong>!<br></div><div class="battle-history"><small>It's super effective!</small><br></div><div class="battle-history"><small>(Zapdos lost <abbr title="−140/383">36.6%</abbr> of its health!)</small><br></div><div class="spacer battle-history"><br></div><div class="battle-history">Zapdos is fast asleep.<br></div><div class="spacer battle-history"><br></div><div class="battle-history">Zapdos used <strong>Sleep Talk</strong>!<br></div><div class="spacer battle-history"><br></div><div class="battle-history">Zapdos used <strong>Hidden Power</strong>!<br></div><div class="battle-history"><small>It's super effective!</small><br></div><div class="battle-history"><small>(The opposing Zapdos lost 38% of its health!)</small><br></div><div class="spacer battle-history"><br></div><div class="battle-history"><small>Zapdos restored a little HP using its Leftovers!</small><br></div><div class="battle-history"><small>The opposing Zapdos restored a little HP using its Leftovers!</small><br></div><div class="spacer battle-history"><br></div><h2 class="battle-history">Turn 49</h2><div class="spacer battle-history"><br></div><div class="battle-history">The opposing Zapdos is fast asleep.<br></div><div class="spacer battle-history"><br></div><div class="battle-history">The opposing Zapdos used <strong>Sleep Talk</strong>!<br></div><div class="spacer battle-history"><br></div><div class="battle-history">The opposing Zapdos used <strong>Thunderbolt</strong>!<br></div><div class="battle-history"><small>(Zapdos lost <abbr title="−140/383">36.6%</abbr> of its health!)</small><br></div><div class="battle-history"><small>Zapdos woke up!</small><br></div><div class="spacer battle-history"><br></div><div class="battle-history">Zapdos used <strong>Hidden Power</strong>!<br></div><div class="battle-history"><small>It's super effective!</small><br></div><div class="battle-history"><small>(The opposing Zapdos lost 39% of its health!)</small><br></div><div class="spacer battle-history"><br></div><div class="battle-history"><small>Zapdos restored a little HP using its Leftovers!</small><br></div><div class="battle-history"><small>The opposing Zapdos restored a little HP using its Leftovers!</small><br></div><div class="spacer battle-history"><br></div><h2 class="battle-history">Turn 50</h2><div class="spacer battle-history"><br></div><div class="battle-history">Zapdos used <strong>Thunderbolt</strong>!<br></div><div class="battle-history"><small>(The opposing Zapdos lost 35% of its health!)</small><br></div><div class="spacer battle-history"><br></div><div class="battle-history">The opposing Zapdos fainted!<br></div><div class="spacer battle-history"><br></div><div class="battle-history">spellcaster sent out <strong>Steelix</strong>!<br></div><div class="battle-history"><small>The opposing Steelix was hurt by the spikes!</small><br></div><div class="spacer battle-history"><br></div><div class="battle-history"><small>Zapdos restored a little HP using its Leftovers!</small><br></div><div class="battle-history"><small>The opposing Steelix restored a little HP using its Leftovers!</small><br></div><div class="spacer battle-history"><br></div><h2 class="battle-history">Turn 51</h2><div class="spacer battle-history"><br></div><div class="battle-history">Zapdos used <strong>Hidden Power</strong>!<br></div><div class="battle-history"><small>(The opposing Steelix lost 22% of its health!)</small><br></div><div class="spacer battle-history"><br></div><div class="battle-history">The opposing Steelix used <strong>Explosion</strong>!<br></div><div class="battle-history"><small>(Zapdos lost <abbr title="−172/383">44.9%</abbr> of its health!)</small><br></div><div class="spacer battle-history"><br></div><div class="battle-history">The opposing Steelix fainted!<br></div><div class="battle-history">Zapdos fainted!<br></div><div class="spacer battle-history"><br></div><div class="battle-history"><strong>A Real Petmodster</strong> won the battle!<br></div><div class="chat chatmessage-arealpetmodster mine"><strong style="color:#3c9f60"><small>☆</small><span class="username" data-name="A Real Petmodster">A Real Petmodster</span>:</strong> <em>gg</em></div><div class="chat chatmessage-spellcaster"><strong style="color:#899b41"><small>☆</small><span class="username" data-name="spellcaster">spellcaster</span>:</strong> <em>gg</em></div><div class="chat chatmessage-arealpetmodster mine"><strong style="color:#3c9f60"><small>☆</small><span class="username" data-name="A Real Petmodster">A Real Petmodster</span>:</strong> <em>!showset snorlax</em></div><div class="chat"><div class="infobox">Snorlax @ Leftovers<br>Ability: No Ability<br>EVs: 252 hp / 252 atk / 252 def / 252 spa / 252 spd / 252 spe<br>Serious Nature<br>IVs: 30 hp / 30 atk / 30 def / 30 spa / 30 spd / 30 spe<br>- Curse<br><br></div></div><div class="chat chatmessage-spellcaster"><strong style="color:#899b41"><small>☆</small><span class="username" data-name="spellcaster">spellcaster</span>:</strong> <em>.</em></div><div class="chat chatmessage-arealpetmodster mine"><strong style="color:#3c9f60"><small>☆</small><span class="username" data-name="A Real Petmodster">A Real Petmodster</span>:</strong> <em>i forgot the other moves</em></div><div class="chat chatmessage-arealpetmodster mine"><strong style="color:#3c9f60"><small>☆</small><span class="username" data-name="A Real Petmodster">A Real Petmodster</span>:</strong> <em>LMFAO</em></div><div class="chat"><small>☆spellcaster left</small></div></div><div class="inner-preempt message-log"></div></div></div>
</div>
<script>
let daily = Math.floor(Date.now()/1000/60/60/24);document.write('<script src="https://dragonheaven.herokuapp.com/js/replay-embed.js?version'+daily+'"></'+'script>');
</script>
