<!DOCTYPE html>
<meta charset="utf-8" />
<!-- version 1 -->
<title>[Gen 3] Hoenn Gaiden replay: bynum vs. pokology</title>
<style>
html,body {font-family:Verdana, sans-serif;font-size:10pt;margin:0;padding:0;}body{padding:12px 0;} .battle-log {font-family:Verdana, sans-serif;font-size:10pt;} .battle-log-inline {border:1px solid #AAAAAA;background:#EEF2F5;color:black;max-width:640px;margin:0 auto 80px;padding-bottom:5px;} .battle-log .inner {padding:4px 8px 0px 8px;} .battle-log .inner-preempt {padding:0 8px 4px 8px;} .battle-log .inner-after {margin-top:0.5em;} .battle-log h2 {margin:0.5em -8px;padding:4px 8px;border:1px solid #AAAAAA;background:#E0E7EA;border-left:0;border-right:0;font-family:Verdana, sans-serif;font-size:13pt;} .battle-log .chat {vertical-align:middle;padding:3px 0 3px 0;font-size:8pt;} .battle-log .chat strong {color:#40576A;} .battle-log .chat em {padding:1px 4px 1px 3px;color:#000000;font-style:normal;} .chat.mine {background:rgba(0,0,0,0.05);margin-left:-8px;margin-right:-8px;padding-left:8px;padding-right:8px;} .spoiler {color:#BBBBBB;background:#BBBBBB;padding:0px 3px;} .spoiler:hover, .spoiler:active, .spoiler-shown {color:#000000;background:#E2E2E2;padding:0px 3px;} .spoiler a {color:#BBBBBB;} .spoiler:hover a, .spoiler:active a, .spoiler-shown a {color:#2288CC;} .chat code, .chat .spoiler:hover code, .chat .spoiler:active code, .chat .spoiler-shown code {border:1px solid #C0C0C0;background:#EEEEEE;color:black;padding:0 2px;} .chat .spoiler code {border:1px solid #CCCCCC;background:#CCCCCC;color:#CCCCCC;} .battle-log .rated {padding:3px 4px;} .battle-log .rated strong {color:white;background:#89A;padding:1px 4px;border-radius:4px;} .spacer {margin-top:0.5em;} .message-announce {background:#6688AA;color:white;padding:1px 4px 2px;} .message-announce a, .broadcast-green a, .broadcast-blue a, .broadcast-red a {color:#DDEEFF;} .broadcast-green {background-color:#559955;color:white;padding:2px 4px;} .broadcast-blue {background-color:#6688AA;color:white;padding:2px 4px;} .infobox {border:1px solid #6688AA;padding:2px 4px;} .infobox-limited {max-height:200px;overflow:auto;overflow-x:hidden;} .broadcast-red {background-color:#AA5544;color:white;padding:2px 4px;} .message-learn-canlearn {font-weight:bold;color:#228822;text-decoration:underline;} .message-learn-cannotlearn {font-weight:bold;color:#CC2222;text-decoration:underline;} .message-effect-weak {font-weight:bold;color:#CC2222;} .message-effect-resist {font-weight:bold;color:#6688AA;} .message-effect-immune {font-weight:bold;color:#666666;} .message-learn-list {margin-top:0;margin-bottom:0;} .message-throttle-notice, .message-error {color:#992222;} .message-overflow, .chat small.message-overflow {font-size:0pt;} .message-overflow::before {font-size:9pt;content:'...';} .subtle {color:#3A4A66;}
</style>
<div class="wrapper replay-wrapper" style="max-width:1180px;margin:0 auto">
<input type="hidden" name="replayid" value="dragonheaven-gen3hoenngaiden-7" />
<div class="battle"></div><div class="battle-log"></div><div class="replay-controls"></div><div class="replay-controls-2"></div>
<h1 style="font-weight:normal;text-align:center"><strong>[Gen 3] Hoenn Gaiden</strong><br /><a href="http://pokemonshowdown.com/users/bynum" class="subtle" target="_blank">bynum</a> vs. <a href="http://pokemonshowdown.com/users/pokology" class="subtle" target="_blank">pokology</a></h1>
<script type="text/plain" class="battle-log-data">|j|☆bynum
|j|☆pokology

|t:|1687103518
|player|p1|bynum|lucas|
|player|p2|pokology|101|
|teamsize|p1|6
|teamsize|p2|6
|gametype|singles
|gen|3
|tier|[Gen 3] Hoenn Gaiden
|rule|Sleep Clause Mod: Limit one foe put to sleep
|rule|Switch Priority Clause Mod: Faster Pokémon switch first
|rule|Species Clause: Limit one of each Pokémon
|rule|OHKO Clause: OHKO moves are banned
|rule|Moody Clause: Moody is banned
|rule|Evasion Moves Clause: Evasion moves are banned
|rule|Endless Battle Clause: Forcing endless battles is banned
|rule|HP Percentage Mod: HP is shown in percentages
|raw|<img src="https:\/\/cdn.discordapp.com\/attachments\/510822010922860545\/864665757446045716\/Hoenn_Gaiden_Banner.png" height="213" width="381">
|-message|Welcome to Hoenn Gaiden!
|-message|This is a [Gen 3] OU-based format where we add later generation Pokemon, items, moves, and abilities, as well as change up existing ones!
|-message|You can find our thread and metagame resources here:
|-message|https:\/\/www.smogon.com\/forums\/threads\/hoenn-gaiden-pet-mod-of-the-season-slate-8-concept-voting.3681339\/
|rule|Baton Pass Mod: Positive stat boosts are reset upon using Baton Pass
|rule|Illegal Baton Pass Clause: Do not allow Baton Pass with the combination of Mean Look\/Spider Web\/Block\/Ingrain
|rule|Freeze Clause Mod: Limit one foe frozen
|
|t:|1687103518
|start
|switch|p1a: sad drill|Zapdos|100\/100
|switch|p2a: Zapdos|Zapdos-Galar|321\/321
|-start|p2a: Zapdos|typechange|Fighting\/Flying|[silent]
|raw|<ul class="utilichart"><li class="result"><span class="col pokemonnamecol" style="white-space: nowrap">Zapdos-Galar<\/span> <span class="col typecol"><img src="https:\/\/play.pokemonshowdown.com\/sprites\/types\/Fighting.png" alt="Fighting" height="14" width="32"><img src="https:\/\/play.pokemonshowdown.com\/sprites\/types\/Flying.png" alt="Flying" height="14" width="32"><\/span> <span style="float: left ; min-height: 26px"><span class="col abilitycol">Pressure<\/span><span class="col abilitycol"><\/span><\/span><\/li><li style="clear: both"><\/li><\/ul>
|raw|<ul class="utilichart"><li class="result"><span style="float: left ; min-height: 26px"><span class="col statcol"><em>HP<\/em><br>90<\/span> <span class="col statcol"><em>Atk<\/em><br>125<\/span> <span class="col statcol"><em>Def<\/em><br>90<\/span> <span class="col statcol"><em>SpA<\/em><br>85<\/span> <span class="col statcol"><em>SpD<\/em><br>90<\/span> <span class="col statcol"><em>Spe<\/em><br>100<\/span> <\/span><\/li><li style="clear: both"><\/li><\/ul>
|-ability|p2a: Zapdos|Pressure|[silent]
|-start|p1a: sad drill|typechange|Electric\/Flying|[silent]
|raw|<ul class="utilichart"><li class="result"><span class="col pokemonnamecol" style="white-space: nowrap">Zapdos<\/span> <span class="col typecol"><img src="https:\/\/play.pokemonshowdown.com\/sprites\/types\/Electric.png" alt="Electric" height="14" width="32"><img src="https:\/\/play.pokemonshowdown.com\/sprites\/types\/Flying.png" alt="Flying" height="14" width="32"><\/span> <span style="float: left ; min-height: 26px"><span class="col abilitycol">Pressure<\/span><span class="col abilitycol"><\/span><\/span><\/li><li style="clear: both"><\/li><\/ul>
|raw|<ul class="utilichart"><li class="result"><span style="float: left ; min-height: 26px"><span class="col statcol"><em>HP<\/em><br>90<\/span> <span class="col statcol"><em>Atk<\/em><br>90<\/span> <span class="col statcol"><em>Def<\/em><br>85<\/span> <span class="col statcol"><em>SpA<\/em><br>125<\/span> <span class="col statcol"><em>SpD<\/em><br>90<\/span> <span class="col statcol"><em>Spe<\/em><br>100<\/span> <\/span><\/li><li style="clear: both"><\/li><\/ul>
|turn|1
|c|☆bynum|hf
|c|☆pokology|gl hf :)
|j| eshe0
|c| eshe0|go, bynum
|j|+Sticky Fingaa
|c|+Sticky Fingaa|GO BYNUM
|c| eshe0|oh, sorry, I was meant to scream
|c| eshe0|GO, BYNUM
|c| eshe0|that's better
|
|t:|1687103586
|switch|p2a: Stunfisk|Stunfisk-Galar, F|416\/416
|-start|p2a: Stunfisk|typechange|Ground\/Steel|[silent]
|raw|<ul class="utilichart"><li class="result"><span class="col pokemonnamecol" style="white-space: nowrap">Stunfisk-Galar<\/span> <span class="col typecol"><img src="https:\/\/play.pokemonshowdown.com\/sprites\/types\/Ground.png" alt="Ground" height="14" width="32"><img src="https:\/\/play.pokemonshowdown.com\/sprites\/types\/Steel.png" alt="Steel" height="14" width="32"><\/span> <span style="float: left ; min-height: 26px"><span class="col abilitycol">Protean<\/span><span class="col abilitycol"><\/span><\/span><\/li><li style="clear: both"><\/li><\/ul>
|raw|<ul class="utilichart"><li class="result"><span style="float: left ; min-height: 26px"><span class="col statcol"><em>HP<\/em><br>109<\/span> <span class="col statcol"><em>Atk<\/em><br>91<\/span> <span class="col statcol"><em>Def<\/em><br>109<\/span> <span class="col statcol"><em>SpA<\/em><br>81<\/span> <span class="col statcol"><em>SpD<\/em><br>99<\/span> <span class="col statcol"><em>Spe<\/em><br>32<\/span> <\/span><\/li><li style="clear: both"><\/li><\/ul>
|move|p1a: sad drill|Thunderbolt|p2a: Stunfisk
|-immune|p2a: Stunfisk
|
|upkeep
|turn|2
|j|+CaoJie
|c|+CaoJie|gogogo pokology
|j| Fluore
|
|t:|1687103636
|switch|p1a: thiscantbeacrime|Skarmory, F|100\/100
|-start|p1a: thiscantbeacrime|typechange|Steel\/Flying|[silent]
|raw|<ul class="utilichart"><li class="result"><span class="col pokemonnamecol" style="white-space: nowrap">Skarmory<\/span> <span class="col typecol"><img src="https:\/\/play.pokemonshowdown.com\/sprites\/types\/Steel.png" alt="Steel" height="14" width="32"><img src="https:\/\/play.pokemonshowdown.com\/sprites\/types\/Flying.png" alt="Flying" height="14" width="32"><\/span> <span style="float: left ; min-height: 26px"><span class="col abilitycol">Keen Eye \/ Sturdy<\/span><span class="col abilitycol"><\/span><\/span><\/li><li style="clear: both"><\/li><\/ul>
|raw|<ul class="utilichart"><li class="result"><span style="float: left ; min-height: 26px"><span class="col statcol"><em>HP<\/em><br>65<\/span> <span class="col statcol"><em>Atk<\/em><br>80<\/span> <span class="col statcol"><em>Def<\/em><br>140<\/span> <span class="col statcol"><em>SpA<\/em><br>40<\/span> <span class="col statcol"><em>SpD<\/em><br>70<\/span> <span class="col statcol"><em>Spe<\/em><br>70<\/span> <\/span><\/li><li style="clear: both"><\/li><\/ul>
|switch|p2a: Froslass|Froslass, F|281\/281
|-start|p2a: Froslass|typechange|Ice\/Ghost|[silent]
|raw|<ul class="utilichart"><li class="result"><span class="col pokemonnamecol" style="white-space: nowrap">Froslass<\/span> <span class="col typecol"><img src="https:\/\/play.pokemonshowdown.com\/sprites\/types\/Ice.png" alt="Ice" height="14" width="32"><img src="https:\/\/play.pokemonshowdown.com\/sprites\/types\/Ghost.png" alt="Ghost" height="14" width="32"><\/span> <span style="float: left ; min-height: 26px"><span class="col abilitycol">Inner Focus<\/span><span class="col abilitycol"><\/span><\/span><\/li><li style="clear: both"><\/li><\/ul>
|raw|<ul class="utilichart"><li class="result"><span style="float: left ; min-height: 26px"><span class="col statcol"><em>HP<\/em><br>70<\/span> <span class="col statcol"><em>Atk<\/em><br>80<\/span> <span class="col statcol"><em>Def<\/em><br>70<\/span> <span class="col statcol"><em>SpA<\/em><br>80<\/span> <span class="col statcol"><em>SpD<\/em><br>70<\/span> <span class="col statcol"><em>Spe<\/em><br>110<\/span> <\/span><\/li><li style="clear: both"><\/li><\/ul>
|
|upkeep
|turn|3
|j|+Beaf Cultist
|c|+Beaf Cultist|it’s gourgin time
|
|t:|1687103649
|move|p2a: Froslass|Taunt|p1a: thiscantbeacrime
|-start|p1a: thiscantbeacrime|move: Taunt
|cant|p1a: thiscantbeacrime|move: Taunt|Spikes
|
|upkeep
|turn|4
|
|t:|1687103663
|switch|p1a: just like heaven|Skuntank, M|100\/100
|-start|p1a: just like heaven|typechange|Poison\/Dark|[silent]
|raw|<ul class="utilichart"><li class="result"><span class="col pokemonnamecol" style="white-space: nowrap">Skuntank<\/span> <span class="col typecol"><img src="https:\/\/play.pokemonshowdown.com\/sprites\/types\/Poison.png" alt="Poison" height="14" width="32"><img src="https:\/\/play.pokemonshowdown.com\/sprites\/types\/Dark.png" alt="Dark" height="14" width="32"><\/span> <span style="float: left ; min-height: 26px"><span class="col abilitycol">Overcoat \/ Intimidate<\/span><span class="col abilitycol"><\/span><\/span><\/li><li style="clear: both"><\/li><\/ul>
|raw|<ul class="utilichart"><li class="result"><span style="float: left ; min-height: 26px"><span class="col statcol"><em>HP<\/em><br>111<\/span> <span class="col statcol"><em>Atk<\/em><br>77<\/span> <span class="col statcol"><em>Def<\/em><br>79<\/span> <span class="col statcol"><em>SpA<\/em><br>77<\/span> <span class="col statcol"><em>SpD<\/em><br>79<\/span> <span class="col statcol"><em>Spe<\/em><br>91<\/span> <\/span><\/li><li style="clear: both"><\/li><\/ul>
|-ability|p1a: just like heaven|Intimidate|boost
|-immune|p2a: Froslass|[from] ability: Inner Focus
|move|p2a: Froslass|Spikes|p1a: just like heaven
|-sidestart|p1: bynum|Spikes
|
|upkeep
|turn|5
|l|+Beaf Cultist
|
|t:|1687103708
|-activate|p2a: Froslass|move: Pursuit
|move|p1a: just like heaven|Pursuit|p2a: Froslass|[from]Pursuit
|-supereffective|p2a: Froslass
|-damage|p2a: Froslass|53\/281
|switch|p2a: Zapdos|Zapdos-Galar|321\/321
|-start|p2a: Zapdos|typechange|Fighting\/Flying|[silent]
|-ability|p2a: Zapdos|Pressure|[silent]
|
|upkeep
|turn|6
|l|+Sticky Fingaa
|j|+Sticky Fingaa
|
|t:|1687103726
|switch|p1a: sad drill|Zapdos|100\/100
|-start|p1a: sad drill|typechange|Electric\/Flying|[silent]
|move|p2a: Zapdos|Drill Peck|p1a: sad drill
|-resisted|p1a: sad drill
|-damage|p1a: sad drill|79\/100
|
|-heal|p1a: sad drill|86\/100|[from] item: Leftovers
|upkeep
|turn|7
|
|t:|1687103737
|switch|p2a: Minun|Minun, M|301\/301
|-start|p2a: Minun|typechange|Electric\/Ice|[silent]
|raw|<ul class="utilichart"><li class="result"><span class="col pokemonnamecol" style="white-space: nowrap">Minun<\/span> <span class="col typecol"><img src="https:\/\/play.pokemonshowdown.com\/sprites\/types\/Electric.png" alt="Electric" height="14" width="32"><img src="https:\/\/play.pokemonshowdown.com\/sprites\/types\/Ice.png" alt="Ice" height="14" width="32"><\/span> <span style="float: left ; min-height: 26px"><span class="col abilitycol">Volt Absorb \/ Levitate<\/span><span class="col abilitycol"><\/span><\/span><\/li><li style="clear: both"><\/li><\/ul>
|raw|<ul class="utilichart"><li class="result"><span style="float: left ; min-height: 26px"><span class="col statcol"><em>HP<\/em><br>80<\/span> <span class="col statcol"><em>Atk<\/em><br>60<\/span> <span class="col statcol"><em>Def<\/em><br>60<\/span> <span class="col statcol"><em>SpA<\/em><br>85<\/span> <span class="col statcol"><em>SpD<\/em><br>95<\/span> <span class="col statcol"><em>Spe<\/em><br>105<\/span> <\/span><\/li><li style="clear: both"><\/li><\/ul>
|switch|p1a: thiscantbeacrime|Skarmory, F|100\/100
|-start|p1a: thiscantbeacrime|typechange|Steel\/Flying|[silent]
|
|upkeep
|turn|8
|
|t:|1687103752
|switch|p1a: freak scene|Crabominable, F|100\/100
|-damage|p1a: freak scene|88\/100|[from] Spikes
|-start|p1a: freak scene|typechange|Fighting\/Ice|[silent]
|raw|<ul class="utilichart"><li class="result"><span class="col pokemonnamecol" style="white-space: nowrap">Crabominable<\/span> <span class="col typecol"><img src="https:\/\/play.pokemonshowdown.com\/sprites\/types\/Fighting.png" alt="Fighting" height="14" width="32"><img src="https:\/\/play.pokemonshowdown.com\/sprites\/types\/Ice.png" alt="Ice" height="14" width="32"><\/span> <span style="float: left ; min-height: 26px"><span class="col abilitycol">Fur Coat \/ Overcoat<\/span><span class="col abilitycol"><\/span><\/span><\/li><li style="clear: both"><\/li><\/ul>
|raw|<ul class="utilichart"><li class="result"><span style="float: left ; min-height: 26px"><span class="col statcol"><em>HP<\/em><br>100<\/span> <span class="col statcol"><em>Atk<\/em><br>132<\/span> <span class="col statcol"><em>Def<\/em><br>87<\/span> <span class="col statcol"><em>SpA<\/em><br>62<\/span> <span class="col statcol"><em>SpD<\/em><br>85<\/span> <span class="col statcol"><em>Spe<\/em><br>43<\/span> <\/span><\/li><li style="clear: both"><\/li><\/ul>
|move|p2a: Minun|Thunderbolt|p1a: freak scene
|-damage|p1a: freak scene|63\/100
|
|-heal|p1a: freak scene|69\/100|[from] item: Leftovers
|upkeep
|turn|9
|
|t:|1687103772
|switch|p2a: Weezing|Weezing-Galar, M|333\/333
|-start|p2a: Weezing|typechange|Poison\/Water|[silent]
|raw|<ul class="utilichart"><li class="result"><span class="col pokemonnamecol" style="white-space: nowrap">Weezing-Galar<\/span> <span class="col typecol"><img src="https:\/\/play.pokemonshowdown.com\/sprites\/types\/Poison.png" alt="Poison" height="14" width="32"><img src="https:\/\/play.pokemonshowdown.com\/sprites\/types\/Water.png" alt="Water" height="14" width="32"><\/span> <span style="float: left ; min-height: 26px"><span class="col abilitycol">Levitate<\/span><span class="col abilitycol"><\/span><\/span><\/li><li style="clear: both"><\/li><\/ul>
|raw|<ul class="utilichart"><li class="result"><span style="float: left ; min-height: 26px"><span class="col statcol"><em>HP<\/em><br>65<\/span> <span class="col statcol"><em>Atk<\/em><br>90<\/span> <span class="col statcol"><em>Def<\/em><br>120<\/span> <span class="col statcol"><em>SpA<\/em><br>85<\/span> <span class="col statcol"><em>SpD<\/em><br>70<\/span> <span class="col statcol"><em>Spe<\/em><br>60<\/span> <\/span><\/li><li style="clear: both"><\/li><\/ul>
|move|p1a: freak scene|Circle Throw|p2a: Weezing
|-resisted|p2a: Weezing
|-damage|p2a: Weezing|306\/333
|drag|p2a: Froslass|Froslass, F|53\/281
|-start|p2a: Froslass|typechange|Ice\/Ghost|[silent]
|
|-heal|p2a: Froslass|70\/281|[from] item: Leftovers
|-heal|p1a: freak scene|75\/100|[from] item: Leftovers
|upkeep
|turn|10
|
|t:|1687103789
|switch|p1a: just like heaven|Skuntank, M|100\/100
|-start|p1a: just like heaven|typechange|Poison\/Dark|[silent]
|-damage|p1a: just like heaven|88\/100|[from] Spikes
|-ability|p1a: just like heaven|Intimidate|boost
|-immune|p2a: Froslass|[from] ability: Inner Focus
|move|p2a: Froslass|Spikes|p1a: just like heaven
|-sidestart|p1: bynum|Spikes
|
|-heal|p2a: Froslass|87\/281|[from] item: Leftovers
|-heal|p1a: just like heaven|94\/100|[from] item: Leftovers
|upkeep
|turn|11
|
|t:|1687103803
|move|p2a: Froslass|Destiny Bond|p2a: Froslass
|-singlemove|p2a: Froslass|Destiny Bond
|move|p1a: just like heaven|Pursuit|p2a: Froslass
|-supereffective|p2a: Froslass
|-damage|p2a: Froslass|0 fnt
|faint|p2a: Froslass
|-activate|p2a: Froslass|move: Destiny Bond
|faint|p1a: just like heaven
|
|t:|1687103824
|switch|p2a: Minun|Minun, M|301\/301
|switch|p1a: freak scene|Crabominable, F|75\/100
|-start|p2a: Minun|typechange|Electric\/Ice|[silent]
|-start|p1a: freak scene|typechange|Fighting\/Ice|[silent]
|-damage|p1a: freak scene|58\/100|[from] Spikes
|
|-heal|p1a: freak scene|65\/100|[from] item: Leftovers
|upkeep
|turn|12
|
|t:|1687103835
|switch|p2a: Zapdos|Zapdos-Galar|321\/321
|-start|p2a: Zapdos|typechange|Fighting\/Flying|[silent]
|-ability|p2a: Zapdos|Pressure|[silent]
|move|p1a: freak scene|Bulk Up|p1a: freak scene
|-boost|p1a: freak scene|atk|1
|-boost|p1a: freak scene|def|1
|
|-heal|p1a: freak scene|71\/100|[from] item: Leftovers
|upkeep
|turn|13
|
|t:|1687103851
|switch|p1a: thiscantbeacrime|Skarmory, F|100\/100
|-start|p1a: thiscantbeacrime|typechange|Steel\/Flying|[silent]
|move|p2a: Zapdos|Drill Peck|p1a: thiscantbeacrime
|-resisted|p1a: thiscantbeacrime
|-damage|p1a: thiscantbeacrime|84\/100
|
|-heal|p1a: thiscantbeacrime|90\/100|[from] item: Leftovers
|upkeep
|turn|14
|
|t:|1687103860
|move|p2a: Zapdos|Taunt|p1a: thiscantbeacrime
|-start|p1a: thiscantbeacrime|move: Taunt
|cant|p1a: thiscantbeacrime|move: Taunt|Spikes
|
|-heal|p1a: thiscantbeacrime|96\/100|[from] item: Leftovers
|upkeep
|turn|15
|
|t:|1687103867
|switch|p2a: Minun|Minun, M|301\/301
|-start|p2a: Minun|typechange|Electric\/Ice|[silent]
|move|p1a: thiscantbeacrime|Drill Peck|p2a: Minun
|-resisted|p2a: Minun
|-damage|p2a: Minun|247\/301
|
|-heal|p2a: Minun|265\/301|[from] item: Leftovers
|-heal|p1a: thiscantbeacrime|100\/100|[from] item: Leftovers
|-end|p1a: thiscantbeacrime|move: Taunt|[silent]
|upkeep
|turn|16
|
|t:|1687103876
|switch|p1a: take my keys|Swampert, M|100\/100
|-damage|p1a: take my keys|84\/100|[from] Spikes
|-start|p1a: take my keys|typechange|Water\/Ground|[silent]
|raw|<ul class="utilichart"><li class="result"><span class="col pokemonnamecol" style="white-space: nowrap">Swampert<\/span> <span class="col typecol"><img src="https:\/\/play.pokemonshowdown.com\/sprites\/types\/Water.png" alt="Water" height="14" width="32"><img src="https:\/\/play.pokemonshowdown.com\/sprites\/types\/Ground.png" alt="Ground" height="14" width="32"><\/span> <span style="float: left ; min-height: 26px"><span class="col abilitycol">Torrent<\/span><span class="col abilitycol"><\/span><\/span><\/li><li style="clear: both"><\/li><\/ul>
|raw|<ul class="utilichart"><li class="result"><span style="float: left ; min-height: 26px"><span class="col statcol"><em>HP<\/em><br>100<\/span> <span class="col statcol"><em>Atk<\/em><br>110<\/span> <span class="col statcol"><em>Def<\/em><br>90<\/span> <span class="col statcol"><em>SpA<\/em><br>85<\/span> <span class="col statcol"><em>SpD<\/em><br>90<\/span> <span class="col statcol"><em>Spe<\/em><br>60<\/span> <\/span><\/li><li style="clear: both"><\/li><\/ul>
|move|p2a: Minun|Thunderbolt|p1a: take my keys
|-immune|p1a: take my keys
|
|-heal|p2a: Minun|283\/301|[from] item: Leftovers
|-heal|p1a: take my keys|90\/100|[from] item: Leftovers
|upkeep
|turn|17
|
|t:|1687103892
|switch|p2a: Weezing|Weezing-Galar, M|306\/333
|-start|p2a: Weezing|typechange|Poison\/Water|[silent]
|switch|p1a: sad drill|Zapdos|86\/100
|-start|p1a: sad drill|typechange|Electric\/Flying|[silent]
|
|-heal|p1a: sad drill|92\/100|[from] item: Leftovers
|-heal|p2a: Weezing|326\/333|[from] item: Leftovers
|upkeep
|turn|18
|
|t:|1687103914
|switch|p2a: Stunfisk|Stunfisk-Galar, F|416\/416
|-start|p2a: Stunfisk|typechange|Ground\/Steel|[silent]
|move|p1a: sad drill|Thunderbolt|p2a: Stunfisk
|-immune|p2a: Stunfisk
|
|-heal|p1a: sad drill|98\/100|[from] item: Leftovers
|upkeep
|turn|19
|
|t:|1687103921
|switch|p1a: thiscantbeacrime|Skarmory, F|100\/100
|-start|p1a: thiscantbeacrime|typechange|Steel\/Flying|[silent]
|switch|p2a: Minun|Minun, M|283\/301
|-start|p2a: Minun|typechange|Electric\/Ice|[silent]
|
|-heal|p2a: Minun|301\/301|[from] item: Leftovers
|upkeep
|turn|20
|
|t:|1687103929
|switch|p1a: freak scene|Crabominable, F|71\/100
|-damage|p1a: freak scene|54\/100|[from] Spikes
|-start|p1a: freak scene|typechange|Fighting\/Ice|[silent]
|move|p2a: Minun|Thunderbolt|p1a: freak scene
|-damage|p1a: freak scene|30\/100
|
|-heal|p1a: freak scene|36\/100|[from] item: Leftovers
|upkeep
|turn|21
|
|t:|1687103943
|switch|p2a: Weezing|Weezing-Galar, M|326\/333
|-start|p2a: Weezing|typechange|Poison\/Water|[silent]
|move|p1a: freak scene|Rest|p1a: freak scene
|-status|p1a: freak scene|slp|[from] move: Rest
|-heal|p1a: freak scene|100\/100 slp|[silent]
|
|-heal|p2a: Weezing|333\/333|[from] item: Leftovers
|upkeep
|turn|22
|
|t:|1687103951
|move|p2a: Weezing|Surf|p1a: freak scene
|-damage|p1a: freak scene|81\/100 slp
|cant|p1a: freak scene|slp
|move|p1a: freak scene|Sleep Talk|p1a: freak scene
|move|p1a: freak scene|Circle Throw|p2a: Weezing|[from]Sleep Talk
|-resisted|p2a: Weezing
|-damage|p2a: Weezing|305\/333
|drag|p2a: Zapdos|Zapdos-Galar|321\/321
|-start|p2a: Zapdos|typechange|Fighting\/Flying|[silent]
|-ability|p2a: Zapdos|Pressure|[silent]
|
|-heal|p1a: freak scene|87\/100 slp|[from] item: Leftovers
|upkeep
|turn|23
|
|t:|1687103987
|switch|p1a: thiscantbeacrime|Skarmory, F|100\/100
|-start|p1a: thiscantbeacrime|typechange|Steel\/Flying|[silent]
|move|p2a: Zapdos|Drill Peck|p1a: thiscantbeacrime
|-resisted|p1a: thiscantbeacrime
|-damage|p1a: thiscantbeacrime|86\/100
|
|-heal|p1a: thiscantbeacrime|92\/100|[from] item: Leftovers
|upkeep
|turn|24
|
|t:|1687103994
|switch|p2a: Weezing|Weezing-Galar, M|305\/333
|-start|p2a: Weezing|typechange|Poison\/Water|[silent]
|move|p1a: thiscantbeacrime|Drill Peck|p2a: Weezing
|-damage|p2a: Weezing|254\/333
|
|-heal|p1a: thiscantbeacrime|98\/100|[from] item: Leftovers
|-heal|p2a: Weezing|274\/333|[from] item: Leftovers
|upkeep
|turn|25
|
|t:|1687104018
|switch|p1a: drama island|Celebi|100\/100
|-damage|p1a: drama island|84\/100|[from] Spikes
|move|p2a: Weezing|Will-O-Wisp|p1a: drama island
|-status|p1a: drama island|brn
|
|-heal|p1a: drama island|90\/100 brn|[from] item: Leftovers
|-heal|p2a: Weezing|294\/333|[from] item: Leftovers
|-damage|p1a: drama island|78\/100 brn|[from] brn
|upkeep
|turn|26
|
|t:|1687104028
|switch|p2a: Moltres|Moltres-Galar|331\/331
|-start|p2a: Moltres|typechange|Dark\/Flying|[silent]
|raw|<ul class="utilichart"><li class="result"><span class="col pokemonnamecol" style="white-space: nowrap">Moltres-Galar<\/span> <span class="col typecol"><img src="https:\/\/play.pokemonshowdown.com\/sprites\/types\/Dark.png" alt="Dark" height="14" width="32"><img src="https:\/\/play.pokemonshowdown.com\/sprites\/types\/Flying.png" alt="Flying" height="14" width="32"><\/span> <span style="float: left ; min-height: 26px"><span class="col abilitycol">Pressure<\/span><span class="col abilitycol"><\/span><\/span><\/li><li style="clear: both"><\/li><\/ul>
|raw|<ul class="utilichart"><li class="result"><span style="float: left ; min-height: 26px"><span class="col statcol"><em>HP<\/em><br>90<\/span> <span class="col statcol"><em>Atk<\/em><br>85<\/span> <span class="col statcol"><em>Def<\/em><br>90<\/span> <span class="col statcol"><em>SpA<\/em><br>100<\/span> <span class="col statcol"><em>SpD<\/em><br>125<\/span> <span class="col statcol"><em>Spe<\/em><br>90<\/span> <\/span><\/li><li style="clear: both"><\/li><\/ul>
|-ability|p2a: Moltres|Pressure|[silent]
|move|p1a: drama island|Leech Seed|p2a: Moltres
|-start|p2a: Moltres|move: Leech Seed
|
|-heal|p1a: drama island|84\/100 brn|[from] item: Leftovers
|-damage|p2a: Moltres|290\/331|[from] Leech Seed|[of] p1a: drama island
|-heal|p1a: drama island|94\/100 brn|[silent]
|-damage|p1a: drama island|82\/100 brn|[from] brn
|upkeep
|turn|27
|
|t:|1687104036
|move|p2a: Moltres|Pursuit|p1a: drama island
|-supereffective|p1a: drama island
|-crit|p1a: drama island
|-damage|p1a: drama island|10\/100 brn
|move|p1a: drama island|Baton Pass|p1a: drama island
|
|t:|1687104056
|-curestatus|p1a: drama island|brn|[from] ability: Natural Cure
|switch|p1a: freak scene|Crabominable, F|87\/100 slp|[from]move: Baton Pass
|-start|p1a: freak scene|typechange|Fighting\/Ice|[silent]
|-damage|p1a: freak scene|71\/100 slp|[from] Spikes
|
|-heal|p2a: Moltres|310\/331|[from] item: Leftovers
|-heal|p1a: freak scene|77\/100 slp|[from] item: Leftovers
|-damage|p2a: Moltres|269\/331|[from] Leech Seed|[of] p1a: freak scene
|-heal|p1a: freak scene|87\/100 slp|[silent]
|upkeep
|turn|28
|
|t:|1687104069
|switch|p2a: Zapdos|Zapdos-Galar|321\/321
|-start|p2a: Zapdos|typechange|Fighting\/Flying|[silent]
|-ability|p2a: Zapdos|Pressure|[silent]
|cant|p1a: freak scene|slp
|move|p1a: freak scene|Sleep Talk|p1a: freak scene
|move|p1a: freak scene|Bulk Up|p1a: freak scene|[from]Sleep Talk
|-boost|p1a: freak scene|atk|1
|-boost|p1a: freak scene|def|1
|
|-heal|p1a: freak scene|93\/100 slp|[from] item: Leftovers
|upkeep
|turn|29
|
|t:|1687104088
|move|p2a: Zapdos|Bulk Up|p2a: Zapdos
|-boost|p2a: Zapdos|atk|1
|-boost|p2a: Zapdos|def|1
|cant|p1a: freak scene|slp
|move|p1a: freak scene|Sleep Talk|p1a: freak scene
|move|p1a: freak scene|Circle Throw|p2a: Zapdos|[from]Sleep Talk
|-resisted|p2a: Zapdos
|-damage|p2a: Zapdos|273\/321
|drag|p2a: Stunfisk|Stunfisk-Galar, F|416\/416
|-start|p2a: Stunfisk|typechange|Ground\/Steel|[silent]
|
|-heal|p1a: freak scene|99\/100 slp|[from] item: Leftovers
|upkeep
|turn|30
|
|t:|1687104104
|switch|p2a: Weezing|Weezing-Galar, M|294\/333
|-start|p2a: Weezing|typechange|Poison\/Water|[silent]
|-curestatus|p1a: freak scene|slp|[msg]
|move|p1a: freak scene|Bulk Up|p1a: freak scene
|-boost|p1a: freak scene|atk|1
|-boost|p1a: freak scene|def|1
|
|-heal|p2a: Weezing|314\/333|[from] item: Leftovers
|-heal|p1a: freak scene|100\/100|[from] item: Leftovers
|upkeep
|turn|31
|
|t:|1687104110
|move|p2a: Weezing|Will-O-Wisp|p1a: freak scene
|-status|p1a: freak scene|brn
|move|p1a: freak scene|Circle Throw|p2a: Weezing
|-resisted|p2a: Weezing
|-damage|p2a: Weezing|284\/333
|drag|p2a: Zapdos|Zapdos-Galar|273\/321
|-start|p2a: Zapdos|typechange|Fighting\/Flying|[silent]
|-ability|p2a: Zapdos|Pressure|[silent]
|
|-heal|p2a: Zapdos|293\/321|[from] item: Leftovers
|-damage|p1a: freak scene|88\/100 brn|[from] brn
|upkeep
|turn|32
|
|t:|1687104121
|move|p2a: Zapdos|Taunt|p1a: freak scene
|-start|p1a: freak scene|move: Taunt
|cant|p1a: freak scene|move: Taunt|Bulk Up
|
|-heal|p2a: Zapdos|313\/321|[from] item: Leftovers
|-heal|p1a: freak scene|94\/100 brn|[from] item: Leftovers
|-damage|p1a: freak scene|82\/100 brn|[from] brn
|upkeep
|turn|33
|
|t:|1687104127
|move|p2a: Zapdos|Drill Peck|p1a: freak scene
|-supereffective|p1a: freak scene
|-damage|p1a: freak scene|64\/100 brn
|move|p1a: freak scene|Circle Throw|p2a: Zapdos
|-resisted|p2a: Zapdos
|-damage|p2a: Zapdos|262\/321
|drag|p2a: Minun|Minun, M|301\/301
|-start|p2a: Minun|typechange|Electric\/Ice|[silent]
|
|-heal|p1a: freak scene|70\/100 brn|[from] item: Leftovers
|-damage|p1a: freak scene|58\/100 brn|[from] brn
|-end|p1a: freak scene|move: Taunt|[silent]
|upkeep
|turn|34
|c|+Sticky Fingaa|oh
|
|t:|1687104152
|switch|p2a: Moltres|Moltres-Galar|269\/331
|-start|p2a: Moltres|typechange|Dark\/Flying|[silent]
|-ability|p2a: Moltres|Pressure|[silent]
|move|p1a: freak scene|Circle Throw|p2a: Moltres
|-damage|p2a: Moltres|170\/331
|drag|p2a: Stunfisk|Stunfisk-Galar, F|416\/416
|-start|p2a: Stunfisk|typechange|Ground\/Steel|[silent]
|
|-heal|p1a: freak scene|64\/100 brn|[from] item: Leftovers
|-damage|p1a: freak scene|52\/100 brn|[from] brn
|upkeep
|turn|35
|c| eshe0|bulkominable
|c|+Sticky Fingaa|that did not do the amount i expected
|
|t:|1687104176
|switch|p2a: Zapdos|Zapdos-Galar|262\/321
|-start|p2a: Zapdos|typechange|Fighting\/Flying|[silent]
|-ability|p2a: Zapdos|Pressure|[silent]
|move|p1a: freak scene|Bulk Up|p1a: freak scene
|-boost|p1a: freak scene|atk|1
|-boost|p1a: freak scene|def|1
|
|-heal|p2a: Zapdos|282\/321|[from] item: Leftovers
|-heal|p1a: freak scene|58\/100 brn|[from] item: Leftovers
|-damage|p1a: freak scene|45\/100 brn|[from] brn
|upkeep
|turn|36
|
|t:|1687104181
|move|p2a: Zapdos|Taunt|p1a: freak scene
|-start|p1a: freak scene|move: Taunt
|move|p1a: freak scene|Circle Throw|p2a: Zapdos
|-resisted|p2a: Zapdos
|-damage|p2a: Zapdos|223\/321
|drag|p2a: Stunfisk|Stunfisk-Galar, F|416\/416
|-start|p2a: Stunfisk|typechange|Ground\/Steel|[silent]
|
|-heal|p1a: freak scene|52\/100 brn|[from] item: Leftovers
|-damage|p1a: freak scene|39\/100 brn|[from] brn
|upkeep
|turn|37
|
|t:|1687104192
|move|p2a: Stunfisk|Spiky Shield|p2a: Stunfisk
|-start|p2a: Stunfisk|typechange|Grass|[from] ability: Protean
|-singleturn|p2a: Stunfisk|move: Protect
|move|p1a: freak scene|Circle Throw|p2a: Stunfisk
|-activate|p2a: Stunfisk|move: Protect
|-damage|p1a: freak scene|27\/100 brn|[from] Spiky Shield|[of] p2a: Stunfisk
|
|-heal|p1a: freak scene|33\/100 brn|[from] item: Leftovers
|-damage|p1a: freak scene|21\/100 brn|[from] brn
|-end|p1a: freak scene|move: Taunt|[silent]
|upkeep
|turn|38
|
|t:|1687104224
|switch|p2a: Minun|Minun, M|301\/301
|-start|p2a: Minun|typechange|Electric\/Ice|[silent]
|move|p1a: freak scene|Rest|p1a: freak scene
|-status|p1a: freak scene|slp|[from] move: Rest
|-heal|p1a: freak scene|100\/100 slp|[silent]
|
|upkeep
|turn|39
|
|t:|1687104235
|move|p2a: Minun|Encore|p1a: freak scene
|-start|p1a: freak scene|Encore
|cant|p1a: freak scene|slp
|
|upkeep
|turn|40
|
|t:|1687104242
|switch|p1a: take my keys|Swampert, M|90\/100
|-start|p1a: take my keys|typechange|Water\/Ground|[silent]
|-damage|p1a: take my keys|73\/100|[from] Spikes
|move|p2a: Minun|Ice Beam|p1a: take my keys
|-damage|p1a: take my keys|38\/100
|
|-heal|p1a: take my keys|45\/100|[from] item: Leftovers
|upkeep
|turn|41
|
|t:|1687104262
|switch|p2a: Moltres|Moltres-Galar|170\/331
|-start|p2a: Moltres|typechange|Dark\/Flying|[silent]
|-ability|p2a: Moltres|Pressure|[silent]
|move|p1a: take my keys|Protect||[still]
|-fail|p1a: take my keys
|
|-heal|p2a: Moltres|190\/331|[from] item: Leftovers
|-heal|p1a: take my keys|51\/100|[from] item: Leftovers
|upkeep
|turn|42
|
|t:|1687104267
|move|p2a: Moltres|Fiery Wrath|p1a: take my keys
|-damage|p1a: take my keys|11\/100
|move|p1a: take my keys|Surf|p2a: Moltres
|-damage|p2a: Moltres|63\/331
|
|-heal|p2a: Moltres|83\/331|[from] item: Leftovers
|-heal|p1a: take my keys|18\/100|[from] item: Leftovers
|upkeep
|turn|43
|
|t:|1687104276
|switch|p1a: drama island|Celebi|10\/100
|-damage|p1a: drama island|0 fnt|[from] Spikes
|faint|p1a: drama island
|
|t:|1687104281
|switch|p1a: sad drill|Zapdos|98\/100
|-start|p1a: sad drill|typechange|Electric\/Flying|[silent]
|
|-heal|p2a: Moltres|103\/331|[from] item: Leftovers
|-heal|p1a: sad drill|100\/100|[from] item: Leftovers
|upkeep
|turn|44
|
|t:|1687104292
|switch|p1a: thiscantbeacrime|Skarmory, F|98\/100
|-start|p1a: thiscantbeacrime|typechange|Steel\/Flying|[silent]
|move|p2a: Moltres|Taunt|p1a: thiscantbeacrime
|-start|p1a: thiscantbeacrime|move: Taunt
|
|-heal|p2a: Moltres|123\/331|[from] item: Leftovers
|-heal|p1a: thiscantbeacrime|100\/100|[from] item: Leftovers
|upkeep
|turn|45
|
|t:|1687104301
|switch|p2a: Minun|Minun, M|301\/301
|-start|p2a: Minun|typechange|Electric\/Ice|[silent]
|move|p1a: thiscantbeacrime|Drill Peck|p2a: Minun
|-resisted|p2a: Minun
|-damage|p2a: Minun|242\/301
|
|-heal|p2a: Minun|260\/301|[from] item: Leftovers
|-end|p1a: thiscantbeacrime|move: Taunt|[silent]
|upkeep
|turn|46
|
|t:|1687104311
|switch|p1a: freak scene|Crabominable, F|100\/100 slp
|-damage|p1a: freak scene|84\/100 slp|[from] Spikes
|-start|p1a: freak scene|typechange|Fighting\/Ice|[silent]
|move|p2a: Minun|Thunderbolt|p1a: freak scene
|-damage|p1a: freak scene|58\/100 slp
|
|-heal|p2a: Minun|278\/301|[from] item: Leftovers
|-heal|p1a: freak scene|64\/100 slp|[from] item: Leftovers
|upkeep
|turn|47
|
|t:|1687104322
|move|p2a: Minun|Thunderbolt|p1a: freak scene
|-damage|p1a: freak scene|38\/100 slp
|cant|p1a: freak scene|slp
|move|p1a: freak scene|Sleep Talk|p1a: freak scene
|move|p1a: freak scene|Bulk Up|p1a: freak scene|[from]Sleep Talk
|-boost|p1a: freak scene|atk|1
|-boost|p1a: freak scene|def|1
|
|-heal|p2a: Minun|296\/301|[from] item: Leftovers
|-heal|p1a: freak scene|44\/100 slp|[from] item: Leftovers
|upkeep
|turn|48
|
|t:|1687104330
|move|p2a: Minun|Encore|p1a: freak scene
|-start|p1a: freak scene|Encore
|-curestatus|p1a: freak scene|slp|[msg]
|move|p1a: freak scene|Sleep Talk
|-fail|p1a: freak scene
|
|-heal|p2a: Minun|301\/301|[from] item: Leftovers
|-heal|p1a: freak scene|51\/100|[from] item: Leftovers
|upkeep
|turn|49
|c|☆bynum|ye gg man
|-message|bynum forfeited.
|
|win|pokology
|c|☆pokology|gg
|l|☆bynum</script>
</div>
<div class="battle-log battle-log-inline"><div class="inner"><div class="battle-options"><div style="padding-top: 3px; padding-right: 3px; text-align: right"><button class="icon button" name="openBattleOptions" title="Options">Battle Options</button></div></div><div class="inner message-log"><div class="chat"><small>☆bynum and ☆pokology joined</small></div><div class=""><small>Format:</small> <br><strong>[Gen 3] Hoenn Gaiden</strong></div><div class=""><small><em>Sleep Clause Mod:</em> Limit one foe put to sleep</small></div><div class=""><small><em>Switch Priority Clause Mod:</em> Faster Pokémon switch first</small></div><div class=""><small><em>Species Clause:</em> Limit one of each Pokémon</small></div><div class=""><small><em>OHKO Clause:</em> OHKO moves are banned</small></div><div class=""><small><em>Moody Clause:</em> Moody is banned</small></div><div class=""><small><em>Evasion Moves Clause:</em> Evasion moves are banned</small></div><div class=""><small><em>Endless Battle Clause:</em> Forcing endless battles is banned</small></div><div class=""><small><em>HP Percentage Mod:</em> HP is shown in percentages</small></div><div class="chat"><img src="https://cdn.discordapp.com/attachments/510822010922860545/864665757446045716/Hoenn_Gaiden_Banner.png" height="213" width="381"></div><div class="spacer battle-history"><br></div><div class="battle-history"><small>Welcome to Hoenn Gaiden!</small><br></div><div class="battle-history"><small>This is a [Gen 3] OU-based format where we add later generation Pokemon, items, moves, and abilities, as well as change up existing ones!</small><br></div><div class="battle-history"><small>You can find our thread and metagame resources here:</small><br></div><div class="battle-history"><small>https://www.smogon.com/forums/threads/hoenn-gaiden-pet-mod-of-the-season-slate-8-concept-voting.3681339/</small><br></div><div class=""><small><em>Baton Pass Mod:</em> Positive stat boosts are reset upon using Baton Pass</small></div><div class=""><small><em>Illegal Baton Pass Clause:</em> Do not allow Baton Pass with the combination of Mean Look/Spider Web/Block/Ingrain</small></div><div class=""><small><em>Freeze Clause Mod:</em> Limit one foe frozen</small></div><div class="spacer battle-history"><br></div><div class="battle-history">Battle started between bynum and pokology!<br></div><div class="spacer battle-history"><br></div><div class="battle-history">bynum sent out sad drill (<strong>Zapdos</strong>)!<br></div><div class="spacer battle-history"><br></div><div class="battle-history">Go! Zapdos (<strong>Zapdos-Galar</strong>)!<br></div><div class="chat"><ul class="utilichart"><li class="result"><span class="col pokemonnamecol" style="white-space: nowrap">Zapdos-Galar</span> <span class="col typecol"><img src="https://play.pokemonshowdown.com/sprites/types/Fighting.png" alt="Fighting" height="14" width="32"><img src="https://play.pokemonshowdown.com/sprites/types/Flying.png" alt="Flying" height="14" width="32"></span> <span style="float: left ; min-height: 26px"><span class="col abilitycol">Pressure</span><span class="col abilitycol"></span></span></li><li style="clear: both"></li></ul></div><div class="chat"><ul class="utilichart"><li class="result"><span style="float: left ; min-height: 26px"><span class="col statcol"><em>HP</em><br>90</span> <span class="col statcol"><em>Atk</em><br>125</span> <span class="col statcol"><em>Def</em><br>90</span> <span class="col statcol"><em>SpA</em><br>85</span> <span class="col statcol"><em>SpD</em><br>90</span> <span class="col statcol"><em>Spe</em><br>100</span> </span></li><li style="clear: both"></li></ul></div><div class="chat"><ul class="utilichart"><li class="result"><span class="col pokemonnamecol" style="white-space: nowrap">Zapdos</span> <span class="col typecol"><img src="https://play.pokemonshowdown.com/sprites/types/Electric.png" alt="Electric" height="14" width="32"><img src="https://play.pokemonshowdown.com/sprites/types/Flying.png" alt="Flying" height="14" width="32"></span> <span style="float: left ; min-height: 26px"><span class="col abilitycol">Pressure</span><span class="col abilitycol"></span></span></li><li style="clear: both"></li></ul></div><div class="chat"><ul class="utilichart"><li class="result"><span style="float: left ; min-height: 26px"><span class="col statcol"><em>HP</em><br>90</span> <span class="col statcol"><em>Atk</em><br>90</span> <span class="col statcol"><em>Def</em><br>85</span> <span class="col statcol"><em>SpA</em><br>125</span> <span class="col statcol"><em>SpD</em><br>90</span> <span class="col statcol"><em>Spe</em><br>100</span> </span></li><li style="clear: both"></li></ul></div><div class="spacer battle-history"><br></div><h2 class="battle-history">Turn 1</h2><div class="chat chatmessage-bynum"><strong style="color:#0aa6b1"><small>☆</small><span class="username" data-name="bynum">bynum</span>:</strong> <em>hf</em></div><div class="chat chatmessage-pokology mine"><strong style="color:#3295b8"><small>☆</small><span class="username" data-name="pokology">pokology</span>:</strong> <em>gl hf :)</em></div><div class="chat"><small> eshe0 joined</small></div><div class="chat chatmessage-eshe0"><strong style="color:#af952c"><small> </small><span class="username" data-name="eshe0">eshe0</span>:</strong> <em>go, bynum</em></div><div class="chat"><small>+Sticky Fingaa joined</small></div><div class="chat chatmessage-stickyfingaa"><strong style="color:#e76311"><small>+</small><span class="username" data-name="Sticky Fingaa">Sticky Fingaa</span>:</strong> <em>GO BYNUM</em></div><div class="chat chatmessage-eshe0"><strong style="color:#af952c"><small> </small><span class="username" data-name="eshe0">eshe0</span>:</strong> <em>oh, sorry, I was meant to scream</em></div><div class="chat chatmessage-eshe0"><strong style="color:#af952c"><small> </small><span class="username" data-name="eshe0">eshe0</span>:</strong> <em>GO, BYNUM</em></div><div class="chat chatmessage-eshe0"><strong style="color:#af952c"><small> </small><span class="username" data-name="eshe0">eshe0</span>:</strong> <em>that's better</em></div><div class="spacer battle-history"><br></div><div class="battle-history">Zapdos, come back!<br></div><div class="battle-history">Go! Stunfisk (<strong>Stunfisk-Galar</strong>)!<br></div><div class="chat"><ul class="utilichart"><li class="result"><span class="col pokemonnamecol" style="white-space: nowrap">Stunfisk-Galar</span> <span class="col typecol"><img src="https://play.pokemonshowdown.com/sprites/types/Ground.png" alt="Ground" height="14" width="32"><img src="https://play.pokemonshowdown.com/sprites/types/Steel.png" alt="Steel" height="14" width="32"></span> <span style="float: left ; min-height: 26px"><span class="col abilitycol">Protean</span><span class="col abilitycol"></span></span></li><li style="clear: both"></li></ul></div><div class="chat"><ul class="utilichart"><li class="result"><span style="float: left ; min-height: 26px"><span class="col statcol"><em>HP</em><br>109</span> <span class="col statcol"><em>Atk</em><br>91</span> <span class="col statcol"><em>Def</em><br>109</span> <span class="col statcol"><em>SpA</em><br>81</span> <span class="col statcol"><em>SpD</em><br>99</span> <span class="col statcol"><em>Spe</em><br>32</span> </span></li><li style="clear: both"></li></ul></div><div class="spacer battle-history"><br></div><div class="battle-history">The opposing sad drill used <strong>Thunderbolt</strong>!<br></div><div class="battle-history"><small>It doesn't affect Stunfisk...</small><br></div><div class="spacer battle-history"><br></div><h2 class="battle-history">Turn 2</h2><div class="chat"><small>+CaoJie joined</small></div><div class="chat chatmessage-caojie highlighted"><strong style="color:#e60f6c"><small>+</small><span class="username" data-name="CaoJie">CaoJie</span>:</strong> <em>gogogo pokology</em></div><div class="chat"><small> Fluore joined</small></div><div class="spacer battle-history"><br></div><div class="battle-history">bynum withdrew sad drill!<br></div><div class="battle-history">bynum sent out thiscantbeacrime (<strong>Skarmory</strong>)!<br></div><div class="chat"><ul class="utilichart"><li class="result"><span class="col pokemonnamecol" style="white-space: nowrap">Skarmory</span> <span class="col typecol"><img src="https://play.pokemonshowdown.com/sprites/types/Steel.png" alt="Steel" height="14" width="32"><img src="https://play.pokemonshowdown.com/sprites/types/Flying.png" alt="Flying" height="14" width="32"></span> <span style="float: left ; min-height: 26px"><span class="col abilitycol">Keen Eye / Sturdy</span><span class="col abilitycol"></span></span></li><li style="clear: both"></li></ul></div><div class="chat"><ul class="utilichart"><li class="result"><span style="float: left ; min-height: 26px"><span class="col statcol"><em>HP</em><br>65</span> <span class="col statcol"><em>Atk</em><br>80</span> <span class="col statcol"><em>Def</em><br>140</span> <span class="col statcol"><em>SpA</em><br>40</span> <span class="col statcol"><em>SpD</em><br>70</span> <span class="col statcol"><em>Spe</em><br>70</span> </span></li><li style="clear: both"></li></ul></div><div class="spacer battle-history"><br></div><div class="battle-history">Stunfisk, come back!<br></div><div class="battle-history">Go! <strong>Froslass</strong>!<br></div><div class="chat"><ul class="utilichart"><li class="result"><span class="col pokemonnamecol" style="white-space: nowrap">Froslass</span> <span class="col typecol"><img src="https://play.pokemonshowdown.com/sprites/types/Ice.png" alt="Ice" height="14" width="32"><img src="https://play.pokemonshowdown.com/sprites/types/Ghost.png" alt="Ghost" height="14" width="32"></span> <span style="float: left ; min-height: 26px"><span class="col abilitycol">Inner Focus</span><span class="col abilitycol"></span></span></li><li style="clear: both"></li></ul></div><div class="chat"><ul class="utilichart"><li class="result"><span style="float: left ; min-height: 26px"><span class="col statcol"><em>HP</em><br>70</span> <span class="col statcol"><em>Atk</em><br>80</span> <span class="col statcol"><em>Def</em><br>70</span> <span class="col statcol"><em>SpA</em><br>80</span> <span class="col statcol"><em>SpD</em><br>70</span> <span class="col statcol"><em>Spe</em><br>110</span> </span></li><li style="clear: both"></li></ul></div><div class="spacer battle-history"><br></div><h2 class="battle-history">Turn 3</h2><div class="chat"><small>+Beaf Cultist joined</small></div><div class="chat chatmessage-beafcultist"><strong style="color:#3ab7b9"><small>+</small><span class="username" data-name="Beaf Cultist">Beaf Cultist</span>:</strong> <em>it’s gourgin time</em></div><div class="spacer battle-history"><br></div><div class="battle-history">Froslass used <strong>Taunt</strong>!<br></div><div class="battle-history"><small>The opposing thiscantbeacrime fell for the taunt!</small><br></div><div class="spacer battle-history"><br></div><div class="battle-history">The opposing thiscantbeacrime can't use Spikes after the taunt!<br></div><div class="spacer battle-history"><br></div><h2 class="battle-history">Turn 4</h2><div class="spacer battle-history"><br></div><div class="battle-history">bynum withdrew thiscantbeacrime!<br></div><div class="battle-history">bynum sent out just like heaven (<strong>Skuntank</strong>)!<br></div><div class="chat"><ul class="utilichart"><li class="result"><span class="col pokemonnamecol" style="white-space: nowrap">Skuntank</span> <span class="col typecol"><img src="https://play.pokemonshowdown.com/sprites/types/Poison.png" alt="Poison" height="14" width="32"><img src="https://play.pokemonshowdown.com/sprites/types/Dark.png" alt="Dark" height="14" width="32"></span> <span style="float: left ; min-height: 26px"><span class="col abilitycol">Overcoat / Intimidate</span><span class="col abilitycol"></span></span></li><li style="clear: both"></li></ul></div><div class="chat"><ul class="utilichart"><li class="result"><span style="float: left ; min-height: 26px"><span class="col statcol"><em>HP</em><br>111</span> <span class="col statcol"><em>Atk</em><br>77</span> <span class="col statcol"><em>Def</em><br>79</span> <span class="col statcol"><em>SpA</em><br>77</span> <span class="col statcol"><em>SpD</em><br>79</span> <span class="col statcol"><em>Spe</em><br>91</span> </span></li><li style="clear: both"></li></ul></div><div class="battle-history">[The opposing just like heaven's Intimidate]<br></div><div class="battle-history">[Froslass's Inner Focus]<br><small>It doesn't affect Froslass...</small><br></div><div class="spacer battle-history"><br></div><div class="battle-history">Froslass used <strong>Spikes</strong>!<br></div><div class="battle-history"><small>Spikes were scattered on the ground all around the opposing team!</small><br></div><div class="spacer battle-history"><br></div><h2 class="battle-history">Turn 5</h2><div class="chat"><small>+Beaf Cultist left</small></div><div class="spacer battle-history"><br></div><div class="battle-history"><small>(Froslass is being withdrawn...)</small><br></div><div class="spacer battle-history"><br></div><div class="battle-history">The opposing just like heaven used <strong>Pursuit</strong>!<br></div><div class="battle-history"><small>It's super effective!</small><br></div><div class="battle-history"><small>(Froslass lost <abbr title="−228/281">81.1%</abbr> of its health!)</small><br></div><div class="spacer battle-history"><br></div><div class="battle-history">Froslass, come back!<br></div><div class="battle-history">Go! Zapdos (<strong>Zapdos-Galar</strong>)!<br></div><div class="spacer battle-history"><br></div><h2 class="battle-history">Turn 6</h2><div class="chat"><small></small></div><div class="spacer battle-history"><br></div><div class="battle-history">bynum withdrew just like heaven!<br></div><div class="battle-history">bynum sent out sad drill (<strong>Zapdos</strong>)!<br></div><div class="spacer battle-history"><br></div><div class="battle-history">Zapdos used <strong>Drill Peck</strong>!<br></div><div class="battle-history"><small>It's not very effective...</small><br></div><div class="battle-history"><small>(The opposing sad drill lost 21% of its health!)</small><br></div><div class="spacer battle-history"><br></div><div class="battle-history"><small>The opposing sad drill restored a little HP using its Leftovers!</small><br></div><div class="spacer battle-history"><br></div><h2 class="battle-history">Turn 7</h2><div class="spacer battle-history"><br></div><div class="battle-history">Zapdos, come back!<br></div><div class="battle-history">Go! <strong>Minun</strong>!<br></div><div class="chat"><ul class="utilichart"><li class="result"><span class="col pokemonnamecol" style="white-space: nowrap">Minun</span> <span class="col typecol"><img src="https://play.pokemonshowdown.com/sprites/types/Electric.png" alt="Electric" height="14" width="32"><img src="https://play.pokemonshowdown.com/sprites/types/Ice.png" alt="Ice" height="14" width="32"></span> <span style="float: left ; min-height: 26px"><span class="col abilitycol">Volt Absorb / Levitate</span><span class="col abilitycol"></span></span></li><li style="clear: both"></li></ul></div><div class="chat"><ul class="utilichart"><li class="result"><span style="float: left ; min-height: 26px"><span class="col statcol"><em>HP</em><br>80</span> <span class="col statcol"><em>Atk</em><br>60</span> <span class="col statcol"><em>Def</em><br>60</span> <span class="col statcol"><em>SpA</em><br>85</span> <span class="col statcol"><em>SpD</em><br>95</span> <span class="col statcol"><em>Spe</em><br>105</span> </span></li><li style="clear: both"></li></ul></div><div class="spacer battle-history"><br></div><div class="battle-history">bynum withdrew sad drill!<br></div><div class="battle-history">bynum sent out thiscantbeacrime (<strong>Skarmory</strong>)!<br></div><div class="spacer battle-history"><br></div><h2 class="battle-history">Turn 8</h2><div class="spacer battle-history"><br></div><div class="battle-history">bynum withdrew thiscantbeacrime!<br></div><div class="battle-history">bynum sent out freak scene (<strong>Crabominable</strong>)!<br></div><div class="battle-history"><small>The opposing freak scene was hurt by the spikes!</small><br></div><div class="chat"><ul class="utilichart"><li class="result"><span class="col pokemonnamecol" style="white-space: nowrap">Crabominable</span> <span class="col typecol"><img src="https://play.pokemonshowdown.com/sprites/types/Fighting.png" alt="Fighting" height="14" width="32"><img src="https://play.pokemonshowdown.com/sprites/types/Ice.png" alt="Ice" height="14" width="32"></span> <span style="float: left ; min-height: 26px"><span class="col abilitycol">Fur Coat / Overcoat</span><span class="col abilitycol"></span></span></li><li style="clear: both"></li></ul></div><div class="chat"><ul class="utilichart"><li class="result"><span style="float: left ; min-height: 26px"><span class="col statcol"><em>HP</em><br>100</span> <span class="col statcol"><em>Atk</em><br>132</span> <span class="col statcol"><em>Def</em><br>87</span> <span class="col statcol"><em>SpA</em><br>62</span> <span class="col statcol"><em>SpD</em><br>85</span> <span class="col statcol"><em>Spe</em><br>43</span> </span></li><li style="clear: both"></li></ul></div><div class="spacer battle-history"><br></div><div class="battle-history">Minun used <strong>Thunderbolt</strong>!<br></div><div class="battle-history"><small>(The opposing freak scene lost 25% of its health!)</small><br></div><div class="spacer battle-history"><br></div><div class="battle-history"><small>The opposing freak scene restored a little HP using its Leftovers!</small><br></div><div class="spacer battle-history"><br></div><h2 class="battle-history">Turn 9</h2><div class="spacer battle-history"><br></div><div class="battle-history">Minun, come back!<br></div><div class="battle-history">Go! Weezing (<strong>Weezing-Galar</strong>)!<br></div><div class="chat"><ul class="utilichart"><li class="result"><span class="col pokemonnamecol" style="white-space: nowrap">Weezing-Galar</span> <span class="col typecol"><img src="https://play.pokemonshowdown.com/sprites/types/Poison.png" alt="Poison" height="14" width="32"><img src="https://play.pokemonshowdown.com/sprites/types/Water.png" alt="Water" height="14" width="32"></span> <span style="float: left ; min-height: 26px"><span class="col abilitycol">Levitate</span><span class="col abilitycol"></span></span></li><li style="clear: both"></li></ul></div><div class="chat"><ul class="utilichart"><li class="result"><span style="float: left ; min-height: 26px"><span class="col statcol"><em>HP</em><br>65</span> <span class="col statcol"><em>Atk</em><br>90</span> <span class="col statcol"><em>Def</em><br>120</span> <span class="col statcol"><em>SpA</em><br>85</span> <span class="col statcol"><em>SpD</em><br>70</span> <span class="col statcol"><em>Spe</em><br>60</span> </span></li><li style="clear: both"></li></ul></div><div class="spacer battle-history"><br></div><div class="battle-history">The opposing freak scene used <strong>Circle Throw</strong>!<br></div><div class="battle-history"><small>It's not very effective...</small><br></div><div class="battle-history"><small>(Weezing lost <abbr title="−27/333">8.1%</abbr> of its health!)</small><br></div><div class="spacer battle-history"><br></div><div class="battle-history"><strong>Froslass</strong> was dragged out!<br></div><div class="spacer battle-history"><br></div><div class="battle-history"><small>Froslass restored a little HP using its Leftovers!</small><br></div><div class="battle-history"><small>The opposing freak scene restored a little HP using its Leftovers!</small><br></div><div class="spacer battle-history"><br></div><h2 class="battle-history">Turn 10</h2><div class="spacer battle-history"><br></div><div class="battle-history">bynum withdrew freak scene!<br></div><div class="battle-history">bynum sent out just like heaven (<strong>Skuntank</strong>)!<br></div><div class="battle-history"><small>The opposing just like heaven was hurt by the spikes!</small><br></div><div class="battle-history">[The opposing just like heaven's Intimidate]<br></div><div class="battle-history">[Froslass's Inner Focus]<br><small>It doesn't affect Froslass...</small><br></div><div class="spacer battle-history"><br></div><div class="battle-history">Froslass used <strong>Spikes</strong>!<br></div><div class="battle-history"><small>Spikes were scattered on the ground all around the opposing team!</small><br></div><div class="spacer battle-history"><br></div><div class="battle-history"><small>Froslass restored a little HP using its Leftovers!</small><br></div><div class="battle-history"><small>The opposing just like heaven restored a little HP using its Leftovers!</small><br></div><div class="spacer battle-history"><br></div><h2 class="battle-history">Turn 11</h2><div class="spacer battle-history"><br></div><div class="battle-history">Froslass used <strong>Destiny Bond</strong>!<br></div><div class="battle-history"><small>Froslass is hoping to take its attacker down with it!</small><br></div><div class="spacer battle-history"><br></div><div class="battle-history">The opposing just like heaven used <strong>Pursuit</strong>!<br></div><div class="battle-history"><small>It's super effective!</small><br></div><div class="battle-history"><small>(Froslass lost <abbr title="−87/281">31.0%</abbr> of its health!)</small><br></div><div class="spacer battle-history"><br></div><div class="battle-history">Froslass fainted!<br></div><div class="battle-history">Froslass took its attacker down with it!<br></div><div class="spacer battle-history"><br></div><div class="battle-history">The opposing just like heaven fainted!<br></div><div class="spacer battle-history"><br></div><div class="battle-history">Go! <strong>Minun</strong>!<br></div><div class="spacer battle-history"><br></div><div class="battle-history">bynum sent out freak scene (<strong>Crabominable</strong>)!<br></div><div class="battle-history"><small>The opposing freak scene was hurt by the spikes!</small><br></div><div class="spacer battle-history"><br></div><div class="battle-history"><small>The opposing freak scene restored a little HP using its Leftovers!</small><br></div><div class="spacer battle-history"><br></div><h2 class="battle-history">Turn 12</h2><div class="spacer battle-history"><br></div><div class="battle-history">Minun, come back!<br></div><div class="battle-history">Go! Zapdos (<strong>Zapdos-Galar</strong>)!<br></div><div class="spacer battle-history"><br></div><div class="battle-history">The opposing freak scene used <strong>Bulk Up</strong>!<br></div><div class="battle-history"><small>The opposing freak scene's Attack rose!</small><br></div><div class="battle-history"><small>The opposing freak scene's Defense rose!</small><br></div><div class="spacer battle-history"><br></div><div class="battle-history"><small>The opposing freak scene restored a little HP using its Leftovers!</small><br></div><div class="spacer battle-history"><br></div><h2 class="battle-history">Turn 13</h2><div class="spacer battle-history"><br></div><div class="battle-history">bynum withdrew freak scene!<br></div><div class="battle-history">bynum sent out thiscantbeacrime (<strong>Skarmory</strong>)!<br></div><div class="spacer battle-history"><br></div><div class="battle-history">Zapdos used <strong>Drill Peck</strong>!<br></div><div class="battle-history"><small>It's not very effective...</small><br></div><div class="battle-history"><small>(The opposing thiscantbeacrime lost 16% of its health!)</small><br></div><div class="spacer battle-history"><br></div><div class="battle-history"><small>The opposing thiscantbeacrime restored a little HP using its Leftovers!</small><br></div><div class="spacer battle-history"><br></div><h2 class="battle-history">Turn 14</h2><div class="spacer battle-history"><br></div><div class="battle-history">Zapdos used <strong>Taunt</strong>!<br></div><div class="battle-history"><small>The opposing thiscantbeacrime fell for the taunt!</small><br></div><div class="spacer battle-history"><br></div><div class="battle-history">The opposing thiscantbeacrime can't use Spikes after the taunt!<br></div><div class="spacer battle-history"><br></div><div class="battle-history"><small>The opposing thiscantbeacrime restored a little HP using its Leftovers!</small><br></div><div class="spacer battle-history"><br></div><h2 class="battle-history">Turn 15</h2><div class="spacer battle-history"><br></div><div class="battle-history">Zapdos, come back!<br></div><div class="battle-history">Go! <strong>Minun</strong>!<br></div><div class="spacer battle-history"><br></div><div class="battle-history">The opposing thiscantbeacrime used <strong>Drill Peck</strong>!<br></div><div class="battle-history"><small>It's not very effective...</small><br></div><div class="battle-history"><small>(Minun lost <abbr title="−54/301">17.9%</abbr> of its health!)</small><br></div><div class="spacer battle-history"><br></div><div class="battle-history"><small>Minun restored a little HP using its Leftovers!</small><br></div><div class="battle-history"><small>The opposing thiscantbeacrime restored a little HP using its Leftovers!</small><br></div><div class="spacer battle-history"><br></div><h2 class="battle-history">Turn 16</h2><div class="spacer battle-history"><br></div><div class="battle-history">bynum withdrew thiscantbeacrime!<br></div><div class="battle-history">bynum sent out take my keys (<strong>Swampert</strong>)!<br></div><div class="battle-history"><small>The opposing take my keys was hurt by the spikes!</small><br></div><div class="chat"><ul class="utilichart"><li class="result"><span class="col pokemonnamecol" style="white-space: nowrap">Swampert</span> <span class="col typecol"><img src="https://play.pokemonshowdown.com/sprites/types/Water.png" alt="Water" height="14" width="32"><img src="https://play.pokemonshowdown.com/sprites/types/Ground.png" alt="Ground" height="14" width="32"></span> <span style="float: left ; min-height: 26px"><span class="col abilitycol">Torrent</span><span class="col abilitycol"></span></span></li><li style="clear: both"></li></ul></div><div class="chat"><ul class="utilichart"><li class="result"><span style="float: left ; min-height: 26px"><span class="col statcol"><em>HP</em><br>100</span> <span class="col statcol"><em>Atk</em><br>110</span> <span class="col statcol"><em>Def</em><br>90</span> <span class="col statcol"><em>SpA</em><br>85</span> <span class="col statcol"><em>SpD</em><br>90</span> <span class="col statcol"><em>Spe</em><br>60</span> </span></li><li style="clear: both"></li></ul></div><div class="spacer battle-history"><br></div><div class="battle-history">Minun used <strong>Thunderbolt</strong>!<br></div><div class="battle-history"><small>It doesn't affect the opposing take my keys...</small><br></div><div class="spacer battle-history"><br></div><div class="battle-history"><small>Minun restored a little HP using its Leftovers!</small><br></div><div class="battle-history"><small>The opposing take my keys restored a little HP using its Leftovers!</small><br></div><div class="spacer battle-history"><br></div><h2 class="battle-history">Turn 17</h2><div class="spacer battle-history"><br></div><div class="battle-history">Minun, come back!<br></div><div class="battle-history">Go! Weezing (<strong>Weezing-Galar</strong>)!<br></div><div class="spacer battle-history"><br></div><div class="battle-history">bynum withdrew take my keys!<br></div><div class="battle-history">bynum sent out sad drill (<strong>Zapdos</strong>)!<br></div><div class="spacer battle-history"><br></div><div class="battle-history"><small>The opposing sad drill restored a little HP using its Leftovers!</small><br></div><div class="battle-history"><small>Weezing restored a little HP using its Leftovers!</small><br></div><div class="spacer battle-history"><br></div><h2 class="battle-history">Turn 18</h2><div class="spacer battle-history"><br></div><div class="battle-history">Weezing, come back!<br></div><div class="battle-history">Go! Stunfisk (<strong>Stunfisk-Galar</strong>)!<br></div><div class="spacer battle-history"><br></div><div class="battle-history">The opposing sad drill used <strong>Thunderbolt</strong>!<br></div><div class="battle-history"><small>It doesn't affect Stunfisk...</small><br></div><div class="spacer battle-history"><br></div><div class="battle-history"><small>The opposing sad drill restored a little HP using its Leftovers!</small><br></div><div class="spacer battle-history"><br></div><h2 class="battle-history">Turn 19</h2><div class="spacer battle-history"><br></div><div class="battle-history">bynum withdrew sad drill!<br></div><div class="battle-history">bynum sent out thiscantbeacrime (<strong>Skarmory</strong>)!<br></div><div class="spacer battle-history"><br></div><div class="battle-history">Stunfisk, come back!<br></div><div class="battle-history">Go! <strong>Minun</strong>!<br></div><div class="spacer battle-history"><br></div><div class="battle-history"><small>Minun restored a little HP using its Leftovers!</small><br></div><div class="spacer battle-history"><br></div><h2 class="battle-history">Turn 20</h2><div class="spacer battle-history"><br></div><div class="battle-history">bynum withdrew thiscantbeacrime!<br></div><div class="battle-history">bynum sent out freak scene (<strong>Crabominable</strong>)!<br></div><div class="battle-history"><small>The opposing freak scene was hurt by the spikes!</small><br></div><div class="spacer battle-history"><br></div><div class="battle-history">Minun used <strong>Thunderbolt</strong>!<br></div><div class="battle-history"><small>(The opposing freak scene lost 24% of its health!)</small><br></div><div class="spacer battle-history"><br></div><div class="battle-history"><small>The opposing freak scene restored a little HP using its Leftovers!</small><br></div><div class="spacer battle-history"><br></div><h2 class="battle-history">Turn 21</h2><div class="spacer battle-history"><br></div><div class="battle-history">Minun, come back!<br></div><div class="battle-history">Go! Weezing (<strong>Weezing-Galar</strong>)!<br></div><div class="spacer battle-history"><br></div><div class="battle-history">The opposing freak scene used <strong>Rest</strong>!<br></div><div class="battle-history"><small>The opposing freak scene slept and became healthy!</small><br></div><div class="spacer battle-history"><br></div><div class="battle-history"><small>Weezing restored a little HP using its Leftovers!</small><br></div><div class="spacer battle-history"><br></div><h2 class="battle-history">Turn 22</h2><div class="spacer battle-history"><br></div><div class="battle-history">Weezing used <strong>Surf</strong>!<br></div><div class="battle-history"><small>(The opposing freak scene lost 19% of its health!)</small><br></div><div class="spacer battle-history"><br></div><div class="battle-history">The opposing freak scene is fast asleep.<br></div><div class="spacer battle-history"><br></div><div class="battle-history">The opposing freak scene used <strong>Sleep Talk</strong>!<br></div><div class="spacer battle-history"><br></div><div class="battle-history">The opposing freak scene used <strong>Circle Throw</strong>!<br></div><div class="battle-history"><small>It's not very effective...</small><br></div><div class="battle-history"><small>(Weezing lost <abbr title="−28/333">8.4%</abbr> of its health!)</small><br></div><div class="spacer battle-history"><br></div><div class="battle-history">Zapdos (<strong>Zapdos-Galar</strong>) was dragged out!<br></div><div class="spacer battle-history"><br></div><div class="battle-history"><small>The opposing freak scene restored a little HP using its Leftovers!</small><br></div><div class="spacer battle-history"><br></div><h2 class="battle-history">Turn 23</h2><div class="spacer battle-history"><br></div><div class="battle-history">bynum withdrew freak scene!<br></div><div class="battle-history">bynum sent out thiscantbeacrime (<strong>Skarmory</strong>)!<br></div><div class="spacer battle-history"><br></div><div class="battle-history">Zapdos used <strong>Drill Peck</strong>!<br></div><div class="battle-history"><small>It's not very effective...</small><br></div><div class="battle-history"><small>(The opposing thiscantbeacrime lost 14% of its health!)</small><br></div><div class="spacer battle-history"><br></div><div class="battle-history"><small>The opposing thiscantbeacrime restored a little HP using its Leftovers!</small><br></div><div class="spacer battle-history"><br></div><h2 class="battle-history">Turn 24</h2><div class="spacer battle-history"><br></div><div class="battle-history">Zapdos, come back!<br></div><div class="battle-history">Go! Weezing (<strong>Weezing-Galar</strong>)!<br></div><div class="spacer battle-history"><br></div><div class="battle-history">The opposing thiscantbeacrime used <strong>Drill Peck</strong>!<br></div><div class="battle-history"><small>(Weezing lost <abbr title="−51/333">15.3%</abbr> of its health!)</small><br></div><div class="spacer battle-history"><br></div><div class="battle-history"><small>The opposing thiscantbeacrime restored a little HP using its Leftovers!</small><br></div><div class="battle-history"><small>Weezing restored a little HP using its Leftovers!</small><br></div><div class="spacer battle-history"><br></div><h2 class="battle-history">Turn 25</h2><div class="spacer battle-history"><br></div><div class="battle-history">bynum withdrew thiscantbeacrime!<br></div><div class="battle-history">bynum sent out drama island (<strong>Celebi</strong>)!<br></div><div class="battle-history"><small>The opposing drama island was hurt by the spikes!</small><br></div><div class="spacer battle-history"><br></div><div class="battle-history">Weezing used <strong>Will-O-Wisp</strong>!<br></div><div class="battle-history"><small>The opposing drama island was burned!</small><br></div><div class="spacer battle-history"><br></div><div class="battle-history"><small>The opposing drama island restored a little HP using its Leftovers!</small><br></div><div class="battle-history"><small>Weezing restored a little HP using its Leftovers!</small><br></div><div class="battle-history"><small>The opposing drama island was hurt by its burn!</small><br></div><div class="spacer battle-history"><br></div><h2 class="battle-history">Turn 26</h2><div class="spacer battle-history"><br></div><div class="battle-history">Weezing, come back!<br></div><div class="battle-history">Go! Moltres (<strong>Moltres-Galar</strong>)!<br></div><div class="chat"><ul class="utilichart"><li class="result"><span class="col pokemonnamecol" style="white-space: nowrap">Moltres-Galar</span> <span class="col typecol"><img src="https://play.pokemonshowdown.com/sprites/types/Dark.png" alt="Dark" height="14" width="32"><img src="https://play.pokemonshowdown.com/sprites/types/Flying.png" alt="Flying" height="14" width="32"></span> <span style="float: left ; min-height: 26px"><span class="col abilitycol">Pressure</span><span class="col abilitycol"></span></span></li><li style="clear: both"></li></ul></div><div class="chat"><ul class="utilichart"><li class="result"><span style="float: left ; min-height: 26px"><span class="col statcol"><em>HP</em><br>90</span> <span class="col statcol"><em>Atk</em><br>85</span> <span class="col statcol"><em>Def</em><br>90</span> <span class="col statcol"><em>SpA</em><br>100</span> <span class="col statcol"><em>SpD</em><br>125</span> <span class="col statcol"><em>Spe</em><br>90</span> </span></li><li style="clear: both"></li></ul></div><div class="spacer battle-history"><br></div><div class="battle-history">The opposing drama island used <strong>Leech Seed</strong>!<br></div><div class="battle-history"><small>Moltres was seeded!</small><br></div><div class="spacer battle-history"><br></div><div class="battle-history"><small>The opposing drama island restored a little HP using its Leftovers!</small><br></div><div class="battle-history"><small>Moltres's health is sapped by Leech Seed!</small><br></div><div class="battle-history"><small>The opposing drama island was hurt by its burn!</small><br></div><div class="spacer battle-history"><br></div><h2 class="battle-history">Turn 27</h2><div class="spacer battle-history"><br></div><div class="battle-history">Moltres used <strong>Pursuit</strong>!<br></div><div class="battle-history"><small>It's super effective!</small><br></div><div class="battle-history"><small>A critical hit!</small><br></div><div class="battle-history"><small>(The opposing drama island lost 72% of its health!)</small><br></div><div class="spacer battle-history"><br></div><div class="battle-history">The opposing drama island used <strong>Baton Pass</strong>!<br></div><div class="spacer battle-history"><br></div><div class="battle-history"><small>(The opposing drama island is cured by its Natural Cure!)</small><br></div><div class="battle-history">bynum sent out freak scene (<strong>Crabominable</strong>)!<br></div><div class="battle-history"><small>The opposing freak scene was hurt by the spikes!</small><br></div><div class="spacer battle-history"><br></div><div class="battle-history"><small>Moltres restored a little HP using its Leftovers!</small><br></div><div class="battle-history"><small>The opposing freak scene restored a little HP using its Leftovers!</small><br></div><div class="battle-history"><small>Moltres's health is sapped by Leech Seed!</small><br></div><div class="spacer battle-history"><br></div><h2 class="battle-history">Turn 28</h2><div class="spacer battle-history"><br></div><div class="battle-history">Moltres, come back!<br></div><div class="battle-history">Go! Zapdos (<strong>Zapdos-Galar</strong>)!<br></div><div class="spacer battle-history"><br></div><div class="battle-history">The opposing freak scene is fast asleep.<br></div><div class="spacer battle-history"><br></div><div class="battle-history">The opposing freak scene used <strong>Sleep Talk</strong>!<br></div><div class="spacer battle-history"><br></div><div class="battle-history">The opposing freak scene used <strong>Bulk Up</strong>!<br></div><div class="battle-history"><small>The opposing freak scene's Attack rose!</small><br></div><div class="battle-history"><small>The opposing freak scene's Defense rose!</small><br></div><div class="spacer battle-history"><br></div><div class="battle-history"><small>The opposing freak scene restored a little HP using its Leftovers!</small><br></div><div class="spacer battle-history"><br></div><h2 class="battle-history">Turn 29</h2><div class="spacer battle-history"><br></div><div class="battle-history">Zapdos used <strong>Bulk Up</strong>!<br></div><div class="battle-history"><small>Zapdos's Attack rose!</small><br></div><div class="battle-history"><small>Zapdos's Defense rose!</small><br></div><div class="spacer battle-history"><br></div><div class="battle-history">The opposing freak scene is fast asleep.<br></div><div class="spacer battle-history"><br></div><div class="battle-history">The opposing freak scene used <strong>Sleep Talk</strong>!<br></div><div class="spacer battle-history"><br></div><div class="battle-history">The opposing freak scene used <strong>Circle Throw</strong>!<br></div><div class="battle-history"><small>It's not very effective...</small><br></div><div class="battle-history"><small>(Zapdos lost <abbr title="−48/321">15.0%</abbr> of its health!)</small><br></div><div class="spacer battle-history"><br></div><div class="battle-history">Stunfisk (<strong>Stunfisk-Galar</strong>) was dragged out!<br></div><div class="spacer battle-history"><br></div><div class="battle-history"><small>The opposing freak scene restored a little HP using its Leftovers!</small><br></div><div class="spacer battle-history"><br></div><h2 class="battle-history">Turn 30</h2><div class="spacer battle-history"><br></div><div class="battle-history">Stunfisk, come back!<br></div><div class="battle-history">Go! Weezing (<strong>Weezing-Galar</strong>)!<br></div><div class="battle-history"><small>The opposing freak scene woke up!</small><br></div><div class="spacer battle-history"><br></div><div class="battle-history">The opposing freak scene used <strong>Bulk Up</strong>!<br></div><div class="battle-history"><small>The opposing freak scene's Attack rose!</small><br></div><div class="battle-history"><small>The opposing freak scene's Defense rose!</small><br></div><div class="spacer battle-history"><br></div><div class="battle-history"><small>Weezing restored a little HP using its Leftovers!</small><br></div><div class="battle-history"><small>The opposing freak scene restored a little HP using its Leftovers!</small><br></div><div class="spacer battle-history"><br></div><h2 class="battle-history">Turn 31</h2><div class="spacer battle-history"><br></div><div class="battle-history">Weezing used <strong>Will-O-Wisp</strong>!<br></div><div class="battle-history"><small>The opposing freak scene was burned!</small><br></div><div class="spacer battle-history"><br></div><div class="battle-history">The opposing freak scene used <strong>Circle Throw</strong>!<br></div><div class="battle-history"><small>It's not very effective...</small><br></div><div class="battle-history"><small>(Weezing lost <abbr title="−30/333">9.0%</abbr> of its health!)</small><br></div><div class="spacer battle-history"><br></div><div class="battle-history">Zapdos (<strong>Zapdos-Galar</strong>) was dragged out!<br></div><div class="spacer battle-history"><br></div><div class="battle-history"><small>Zapdos restored a little HP using its Leftovers!</small><br></div><div class="battle-history"><small>The opposing freak scene was hurt by its burn!</small><br></div><div class="spacer battle-history"><br></div><h2 class="battle-history">Turn 32</h2><div class="spacer battle-history"><br></div><div class="battle-history">Zapdos used <strong>Taunt</strong>!<br></div><div class="battle-history"><small>The opposing freak scene fell for the taunt!</small><br></div><div class="spacer battle-history"><br></div><div class="battle-history">The opposing freak scene can't use Bulk Up after the taunt!<br></div><div class="spacer battle-history"><br></div><div class="battle-history"><small>Zapdos restored a little HP using its Leftovers!</small><br></div><div class="battle-history"><small>The opposing freak scene restored a little HP using its Leftovers!</small><br></div><div class="battle-history"><small>The opposing freak scene was hurt by its burn!</small><br></div><div class="spacer battle-history"><br></div><h2 class="battle-history">Turn 33</h2><div class="spacer battle-history"><br></div><div class="battle-history">Zapdos used <strong>Drill Peck</strong>!<br></div><div class="battle-history"><small>It's super effective!</small><br></div><div class="battle-history"><small>(The opposing freak scene lost 18% of its health!)</small><br></div><div class="spacer battle-history"><br></div><div class="battle-history">The opposing freak scene used <strong>Circle Throw</strong>!<br></div><div class="battle-history"><small>It's not very effective...</small><br></div><div class="battle-history"><small>(Zapdos lost <abbr title="−51/321">15.9%</abbr> of its health!)</small><br></div><div class="spacer battle-history"><br></div><div class="battle-history"><strong>Minun</strong> was dragged out!<br></div><div class="spacer battle-history"><br></div><div class="battle-history"><small>The opposing freak scene restored a little HP using its Leftovers!</small><br></div><div class="battle-history"><small>The opposing freak scene was hurt by its burn!</small><br></div><div class="spacer battle-history"><br></div><h2 class="battle-history">Turn 34</h2><div class="chat chatmessage-stickyfingaa"><strong style="color:#e76311"><small>+</small><span class="username" data-name="Sticky Fingaa">Sticky Fingaa</span>:</strong> <em>oh</em></div><div class="spacer battle-history"><br></div><div class="battle-history">Minun, come back!<br></div><div class="battle-history">Go! Moltres (<strong>Moltres-Galar</strong>)!<br></div><div class="spacer battle-history"><br></div><div class="battle-history">The opposing freak scene used <strong>Circle Throw</strong>!<br></div><div class="battle-history"><small>(Moltres lost <abbr title="−99/331">29.9%</abbr> of its health!)</small><br></div><div class="spacer battle-history"><br></div><div class="battle-history">Stunfisk (<strong>Stunfisk-Galar</strong>) was dragged out!<br></div><div class="spacer battle-history"><br></div><div class="battle-history"><small>The opposing freak scene restored a little HP using its Leftovers!</small><br></div><div class="battle-history"><small>The opposing freak scene was hurt by its burn!</small><br></div><div class="spacer battle-history"><br></div><h2 class="battle-history">Turn 35</h2><div class="chat chatmessage-eshe0"><strong style="color:#af952c"><small> </small><span class="username" data-name="eshe0">eshe0</span>:</strong> <em>bulkominable</em></div><div class="chat chatmessage-stickyfingaa"><strong style="color:#e76311"><small>+</small><span class="username" data-name="Sticky Fingaa">Sticky Fingaa</span>:</strong> <em>that did not do the amount i expected</em></div><div class="spacer battle-history"><br></div><div class="battle-history">Stunfisk, come back!<br></div><div class="battle-history">Go! Zapdos (<strong>Zapdos-Galar</strong>)!<br></div><div class="spacer battle-history"><br></div><div class="battle-history">The opposing freak scene used <strong>Bulk Up</strong>!<br></div><div class="battle-history"><small>The opposing freak scene's Attack rose!</small><br></div><div class="battle-history"><small>The opposing freak scene's Defense rose!</small><br></div><div class="spacer battle-history"><br></div><div class="battle-history"><small>Zapdos restored a little HP using its Leftovers!</small><br></div><div class="battle-history"><small>The opposing freak scene restored a little HP using its Leftovers!</small><br></div><div class="battle-history"><small>The opposing freak scene was hurt by its burn!</small><br></div><div class="spacer battle-history"><br></div><h2 class="battle-history">Turn 36</h2><div class="spacer battle-history"><br></div><div class="battle-history">Zapdos used <strong>Taunt</strong>!<br></div><div class="battle-history"><small>The opposing freak scene fell for the taunt!</small><br></div><div class="spacer battle-history"><br></div><div class="battle-history">The opposing freak scene used <strong>Circle Throw</strong>!<br></div><div class="battle-history"><small>It's not very effective...</small><br></div><div class="battle-history"><small>(Zapdos lost <abbr title="−59/321">18.4%</abbr> of its health!)</small><br></div><div class="spacer battle-history"><br></div><div class="battle-history">Stunfisk (<strong>Stunfisk-Galar</strong>) was dragged out!<br></div><div class="spacer battle-history"><br></div><div class="battle-history"><small>The opposing freak scene restored a little HP using its Leftovers!</small><br></div><div class="battle-history"><small>The opposing freak scene was hurt by its burn!</small><br></div><div class="spacer battle-history"><br></div><h2 class="battle-history">Turn 37</h2><div class="spacer battle-history"><br></div><div class="battle-history">Stunfisk used <strong>Spiky Shield</strong>!<br></div><div class="spacer battle-history"><br></div><div class="battle-history">[Stunfisk's Protean]<br><small>Stunfisk's type changed to Grass!</small><br></div><div class="battle-history"><small>Stunfisk protected itself!</small><br></div><div class="spacer battle-history"><br></div><div class="battle-history">The opposing freak scene used <strong>Circle Throw</strong>!<br></div><div class="battle-history"><small>Stunfisk protected itself!</small><br></div><div class="battle-history"><small>The opposing freak scene was hurt!</small><br></div><div class="spacer battle-history"><br></div><div class="battle-history"><small>The opposing freak scene restored a little HP using its Leftovers!</small><br></div><div class="battle-history"><small>The opposing freak scene was hurt by its burn!</small><br></div><div class="spacer battle-history"><br></div><h2 class="battle-history">Turn 38</h2><div class="spacer battle-history"><br></div><div class="battle-history">Stunfisk, come back!<br></div><div class="battle-history">Go! <strong>Minun</strong>!<br></div><div class="spacer battle-history"><br></div><div class="battle-history">The opposing freak scene used <strong>Rest</strong>!<br></div><div class="battle-history"><small>The opposing freak scene slept and became healthy!</small><br></div><div class="spacer battle-history"><br></div><h2 class="battle-history">Turn 39</h2><div class="spacer battle-history"><br></div><div class="battle-history">Minun used <strong>Encore</strong>!<br></div><div class="battle-history"><small>The opposing freak scene must do an encore!</small><br></div><div class="spacer battle-history"><br></div><div class="battle-history">The opposing freak scene is fast asleep.<br></div><div class="spacer battle-history"><br></div><h2 class="battle-history">Turn 40</h2><div class="spacer battle-history"><br></div><div class="battle-history">bynum withdrew freak scene!<br></div><div class="battle-history">bynum sent out take my keys (<strong>Swampert</strong>)!<br></div><div class="battle-history"><small>The opposing take my keys was hurt by the spikes!</small><br></div><div class="spacer battle-history"><br></div><div class="battle-history">Minun used <strong>Ice Beam</strong>!<br></div><div class="battle-history"><small>(The opposing take my keys lost 35% of its health!)</small><br></div><div class="spacer battle-history"><br></div><div class="battle-history"><small>The opposing take my keys restored a little HP using its Leftovers!</small><br></div><div class="spacer battle-history"><br></div><h2 class="battle-history">Turn 41</h2><div class="spacer battle-history"><br></div><div class="battle-history">Minun, come back!<br></div><div class="battle-history">Go! Moltres (<strong>Moltres-Galar</strong>)!<br></div><div class="spacer battle-history"><br></div><div class="battle-history">The opposing take my keys used <strong>Protect</strong>!<br></div><div class="battle-history"><small>But it failed!</small><br></div><div class="spacer battle-history"><br></div><div class="battle-history"><small>Moltres restored a little HP using its Leftovers!</small><br></div><div class="battle-history"><small>The opposing take my keys restored a little HP using its Leftovers!</small><br></div><div class="spacer battle-history"><br></div><h2 class="battle-history">Turn 42</h2><div class="spacer battle-history"><br></div><div class="battle-history">Moltres used <strong>Fiery Wrath</strong>!<br></div><div class="battle-history"><small>(The opposing take my keys lost 40% of its health!)</small><br></div><div class="spacer battle-history"><br></div><div class="battle-history">The opposing take my keys used <strong>Surf</strong>!<br></div><div class="battle-history"><small>(Moltres lost <abbr title="−127/331">38.4%</abbr> of its health!)</small><br></div><div class="spacer battle-history"><br></div><div class="battle-history"><small>Moltres restored a little HP using its Leftovers!</small><br></div><div class="battle-history"><small>The opposing take my keys restored a little HP using its Leftovers!</small><br></div><div class="spacer battle-history"><br></div><h2 class="battle-history">Turn 43</h2><div class="spacer battle-history"><br></div><div class="battle-history">bynum withdrew take my keys!<br></div><div class="battle-history">bynum sent out drama island (<strong>Celebi</strong>)!<br></div><div class="battle-history"><small>The opposing drama island was hurt by the spikes!</small><br></div><div class="spacer battle-history"><br></div><div class="battle-history">The opposing drama island fainted!<br></div><div class="spacer battle-history"><br></div><div class="battle-history">bynum sent out sad drill (<strong>Zapdos</strong>)!<br></div><div class="spacer battle-history"><br></div><div class="battle-history"><small>Moltres restored a little HP using its Leftovers!</small><br></div><div class="battle-history"><small>The opposing sad drill restored a little HP using its Leftovers!</small><br></div><div class="spacer battle-history"><br></div><h2 class="battle-history">Turn 44</h2><div class="spacer battle-history"><br></div><div class="battle-history">bynum withdrew sad drill!<br></div><div class="battle-history">bynum sent out thiscantbeacrime (<strong>Skarmory</strong>)!<br></div><div class="spacer battle-history"><br></div><div class="battle-history">Moltres used <strong>Taunt</strong>!<br></div><div class="battle-history"><small>The opposing thiscantbeacrime fell for the taunt!</small><br></div><div class="spacer battle-history"><br></div><div class="battle-history"><small>Moltres restored a little HP using its Leftovers!</small><br></div><div class="battle-history"><small>The opposing thiscantbeacrime restored a little HP using its Leftovers!</small><br></div><div class="spacer battle-history"><br></div><h2 class="battle-history">Turn 45</h2><div class="spacer battle-history"><br></div><div class="battle-history">Moltres, come back!<br></div><div class="battle-history">Go! <strong>Minun</strong>!<br></div><div class="spacer battle-history"><br></div><div class="battle-history">The opposing thiscantbeacrime used <strong>Drill Peck</strong>!<br></div><div class="battle-history"><small>It's not very effective...</small><br></div><div class="battle-history"><small>(Minun lost <abbr title="−59/301">19.6%</abbr> of its health!)</small><br></div><div class="spacer battle-history"><br></div><div class="battle-history"><small>Minun restored a little HP using its Leftovers!</small><br></div><div class="spacer battle-history"><br></div><h2 class="battle-history">Turn 46</h2><div class="spacer battle-history"><br></div><div class="battle-history">bynum withdrew thiscantbeacrime!<br></div><div class="battle-history">bynum sent out freak scene (<strong>Crabominable</strong>)!<br></div><div class="battle-history"><small>The opposing freak scene was hurt by the spikes!</small><br></div><div class="spacer battle-history"><br></div><div class="battle-history">Minun used <strong>Thunderbolt</strong>!<br></div><div class="battle-history"><small>(The opposing freak scene lost 26% of its health!)</small><br></div><div class="spacer battle-history"><br></div><div class="battle-history"><small>Minun restored a little HP using its Leftovers!</small><br></div><div class="battle-history"><small>The opposing freak scene restored a little HP using its Leftovers!</small><br></div><div class="spacer battle-history"><br></div><h2 class="battle-history">Turn 47</h2><div class="spacer battle-history"><br></div><div class="battle-history">Minun used <strong>Thunderbolt</strong>!<br></div><div class="battle-history"><small>(The opposing freak scene lost 26% of its health!)</small><br></div><div class="spacer battle-history"><br></div><div class="battle-history">The opposing freak scene is fast asleep.<br></div><div class="spacer battle-history"><br></div><div class="battle-history">The opposing freak scene used <strong>Sleep Talk</strong>!<br></div><div class="spacer battle-history"><br></div><div class="battle-history">The opposing freak scene used <strong>Bulk Up</strong>!<br></div><div class="battle-history"><small>The opposing freak scene's Attack rose!</small><br></div><div class="battle-history"><small>The opposing freak scene's Defense rose!</small><br></div><div class="spacer battle-history"><br></div><div class="battle-history"><small>Minun restored a little HP using its Leftovers!</small><br></div><div class="battle-history"><small>The opposing freak scene restored a little HP using its Leftovers!</small><br></div><div class="spacer battle-history"><br></div><h2 class="battle-history">Turn 48</h2><div class="spacer battle-history"><br></div><div class="battle-history">Minun used <strong>Encore</strong>!<br></div><div class="battle-history"><small>The opposing freak scene must do an encore!</small><br></div><div class="battle-history"><small>The opposing freak scene woke up!</small><br></div><div class="spacer battle-history"><br></div><div class="battle-history">The opposing freak scene used <strong>Sleep Talk</strong>!<br></div><div class="battle-history"><small>But it failed!</small><br></div><div class="spacer battle-history"><br></div><div class="battle-history"><small>Minun restored a little HP using its Leftovers!</small><br></div><div class="battle-history"><small>The opposing freak scene restored a little HP using its Leftovers!</small><br></div><div class="spacer battle-history"><br></div><h2 class="battle-history">Turn 49</h2><div class="chat chatmessage-bynum"><strong style="color:#0aa6b1"><small>☆</small><span class="username" data-name="bynum">bynum</span>:</strong> <em>ye gg man</em></div><div class="spacer battle-history"><br></div><div class="battle-history"><small>bynum forfeited.</small><br></div><div class="spacer battle-history"><br></div><div class="battle-history"><strong>pokology</strong> won the battle!<br></div><div class="chat chatmessage-pokology mine"><strong style="color:#3295b8"><small>☆</small><span class="username" data-name="pokology">pokology</span>:</strong> <em>gg</em></div><div class="chat"><small>☆bynum left</small></div></div><div class="inner-preempt message-log"></div></div></div>
</div>
<script>
let daily = Math.floor(Date.now()/1000/60/60/24);document.write('<script src="https://dragonheaven.herokuapp.com/js/replay-embed.js?version'+daily+'"></'+'script>');
</script>
