<!DOCTYPE html>
<meta charset="utf-8" />
<!-- version 1 -->
<title>[Gen 8] JolteMons replay: joltemons mainer vs. vstra</title>
<style>
html,body {font-family:Verdana, sans-serif;font-size:10pt;margin:0;padding:0;}body{padding:12px 0;} .battle-log {font-family:Verdana, sans-serif;font-size:10pt;} .battle-log-inline {border:1px solid #AAAAAA;background:#EEF2F5;color:black;max-width:640px;margin:0 auto 80px;padding-bottom:5px;} .battle-log .inner {padding:4px 8px 0px 8px;} .battle-log .inner-preempt {padding:0 8px 4px 8px;} .battle-log .inner-after {margin-top:0.5em;} .battle-log h2 {margin:0.5em -8px;padding:4px 8px;border:1px solid #AAAAAA;background:#E0E7EA;border-left:0;border-right:0;font-family:Verdana, sans-serif;font-size:13pt;} .battle-log .chat {vertical-align:middle;padding:3px 0 3px 0;font-size:8pt;} .battle-log .chat strong {color:#40576A;} .battle-log .chat em {padding:1px 4px 1px 3px;color:#000000;font-style:normal;} .chat.mine {background:rgba(0,0,0,0.05);margin-left:-8px;margin-right:-8px;padding-left:8px;padding-right:8px;} .spoiler {color:#BBBBBB;background:#BBBBBB;padding:0px 3px;} .spoiler:hover, .spoiler:active, .spoiler-shown {color:#000000;background:#E2E2E2;padding:0px 3px;} .spoiler a {color:#BBBBBB;} .spoiler:hover a, .spoiler:active a, .spoiler-shown a {color:#2288CC;} .chat code, .chat .spoiler:hover code, .chat .spoiler:active code, .chat .spoiler-shown code {border:1px solid #C0C0C0;background:#EEEEEE;color:black;padding:0 2px;} .chat .spoiler code {border:1px solid #CCCCCC;background:#CCCCCC;color:#CCCCCC;} .battle-log .rated {padding:3px 4px;} .battle-log .rated strong {color:white;background:#89A;padding:1px 4px;border-radius:4px;} .spacer {margin-top:0.5em;} .message-announce {background:#6688AA;color:white;padding:1px 4px 2px;} .message-announce a, .broadcast-green a, .broadcast-blue a, .broadcast-red a {color:#DDEEFF;} .broadcast-green {background-color:#559955;color:white;padding:2px 4px;} .broadcast-blue {background-color:#6688AA;color:white;padding:2px 4px;} .infobox {border:1px solid #6688AA;padding:2px 4px;} .infobox-limited {max-height:200px;overflow:auto;overflow-x:hidden;} .broadcast-red {background-color:#AA5544;color:white;padding:2px 4px;} .message-learn-canlearn {font-weight:bold;color:#228822;text-decoration:underline;} .message-learn-cannotlearn {font-weight:bold;color:#CC2222;text-decoration:underline;} .message-effect-weak {font-weight:bold;color:#CC2222;} .message-effect-resist {font-weight:bold;color:#6688AA;} .message-effect-immune {font-weight:bold;color:#666666;} .message-learn-list {margin-top:0;margin-bottom:0;} .message-throttle-notice, .message-error {color:#992222;} .message-overflow, .chat small.message-overflow {font-size:0pt;} .message-overflow::before {font-size:9pt;content:'...';} .subtle {color:#3A4A66;}
</style>
<div class="wrapper replay-wrapper" style="max-width:1180px;margin:0 auto">
<input type="hidden" name="replayid" value="dragonheaven-dragonheaven-gen8joltemons-14-4m1hk61wytlcn3r96unfil9jwg0xsbspw" />
<div class="battle"></div><div class="battle-log"></div><div class="replay-controls"></div><div class="replay-controls-2"></div>
<h1 style="font-weight:normal;text-align:center"><strong>[Gen 8] JolteMons</strong><br /><a href="http://pokemonshowdown.com/users/joltemonsmainer" class="subtle" target="_blank">joltemons mainer</a> vs. <a href="http://pokemonshowdown.com/users/vstra" class="subtle" target="_blank">vstra</a></h1>
<script type="text/plain" class="battle-log-data">|j|☆joltemons mainer
|j|☆vstra
|t:|1685837543
|player|p1|joltemons mainer|idol|
|player|p2|vstra|cowgirl|
|teamsize|p1|6
|teamsize|p2|6
|gametype|singles
|gen|8
|tier|[Gen 8] JolteMons
|clearpoke
|poke|p1|Tapu Koko|
|poke|p1|Hawlucha, M|
|poke|p1|Excadrill, M|
|poke|p1|Volcarona, M|
|poke|p1|Gyarados, M|
|poke|p1|Mesprit|
|poke|p2|Pelipper, M|
|poke|p2|Swampert, M|
|poke|p2|Manaphy|
|poke|p2|Ferrothorn, F|
|poke|p2|Zapdos|
|poke|p2|Greninja, M|
|rule|HP Percentage Mod: HP is shown in percentages
|rule|Endless Battle Clause: Forcing endless battles is banned
|rule|OHKO Clause: OHKO moves are banned
|rule|Evasion Moves Clause: Evasion moves are banned
|rule|Species Clause: Limit one of each Pokémon
|rule|Dynamax Clause: You cannot dynamax
|rule|Sleep Clause Mod: Limit one foe put to sleep
|teampreview
|inactive|Battle timer is ON: inactive players will automatically lose when time's up. (requested by joltemons mainer)
|inactive|vstra also wants the timer to be on.
|c|☆vstra|Hf
|c|☆joltemons mainer|Hf
|inactive|joltemons mainer has 270 seconds left.
|inactive|joltemons mainer has 240 seconds left.
|c|☆joltemons mainer|Can u type \/publicroom
|c|☆joltemons mainer|Team is yelling
|c|☆vstra|\/log vstra made this room public.
|inactive|joltemons mainer has 210 seconds left.
|c|☆vstra|Oops
|j|+Z Strats
|j| drftgzhuji
|
|t:|1685837653
|start
|switch|p1a: Excadrill|Excadrill, M|100\/100
|switch|p2a: Pelipper|Pelipper, M|100\/100
|-ability|p1a: Excadrill|Mold Breaker
|-weather|RainDance|[from] ability: Drizzle|[of] p2a: Pelipper
|turn|1
|
|t:|1685837660
|move|p1a: Excadrill|Stealth Rock|p2a: Pelipper
|-sidestart|p2: vstra|move: Stealth Rock
|move|p2a: Pelipper|U-turn|p1a: Excadrill
|-resisted|p1a: Excadrill
|-damage|p1a: Excadrill|95\/100
|
|t:|1685837662
|switch|p2a: Greninja|Greninja, M|100\/100|[from]move: U-turn
|-damage|p2a: Greninja|88\/100|[from] Stealth Rock
|
|-weather|RainDance|[upkeep]
|upkeep
|turn|2
|inactive|joltemons mainer has 270 seconds left.
|
|t:|1685837668
|switch|p1a: Gyarados|Gyarados, M|100\/100
|-ability|p1a: Gyarados|Intimidate|boost
|-unboost|p2a: Greninja|atk|1
|move|p2a: Greninja|Hydro Pump|p1a: Gyarados
|-resisted|p1a: Gyarados
|-damage|p1a: Gyarados|39\/100
|
|-weather|RainDance|[upkeep]
|upkeep
|turn|3
|inactive|joltemons mainer has 270 seconds left.
|j| Beka
|c|☆joltemons mainer|Oops
|
|t:|1685837700
|switch|p1a: Tapu Koko|Tapu Koko|100\/100
|-fieldstart|move: Electric Terrain|[from] ability: Electric Surge|[of] p1a: Tapu Koko
|move|p2a: Greninja|Hydro Pump|p1a: Tapu Koko|[miss]
|-miss|p2a: Greninja|p1a: Tapu Koko
|
|-weather|RainDance|[upkeep]
|upkeep
|turn|4
|
|t:|1685837707
|move|p1a: Tapu Koko|Light Screen|p1a: Tapu Koko
|-sidestart|p1: joltemons mainer|move: Light Screen
|move|p2a: Greninja|Hydro Pump|p1a: Tapu Koko
|-damage|p1a: Tapu Koko|28\/100
|
|-weather|RainDance|[upkeep]
|upkeep
|turn|5
|
|t:|1685837730
|move|p1a: Tapu Koko|U-turn|p2a: Greninja
|-supereffective|p2a: Greninja
|-damage|p2a: Greninja|24\/100
|
|t:|1685837733
|switch|p1a: Excadrill|Excadrill, M|95\/100|[from]move: U-turn
|-ability|p1a: Excadrill|Mold Breaker
|move|p2a: Greninja|Hydro Pump|p1a: Excadrill
|-supereffective|p1a: Excadrill
|-damage|p1a: Excadrill|0 fnt
|faint|p1a: Excadrill
|-activate|p2a: Greninja|ability: Battle Bond
|detailschange|p2a: Greninja|Greninja-Ash, M
|
|-weather|RainDance|[upkeep]
|upkeep
|
|t:|1685837735
|switch|p1a: Gyarados|Gyarados, M|39\/100
|-ability|p1a: Gyarados|Intimidate|boost
|-unboost|p2a: Greninja|atk|1
|turn|6
|
|t:|1685837741
|detailschange|p1a: Gyarados|Gyarados-Mega, M
|-mega|p1a: Gyarados|Gyarados|Gyaradosite
|-start|p1a: Gyarados|typechange|Water\/Dark|[silent]
|raw|<ul class="utilichart"><li class="result"><span class="col pokemonnamecol" style="white-space: nowrap">Gyarados-Mega<\/span> <span class="col typecol"><img src="https:\/\/play.pokemonshowdown.com\/sprites\/types\/Water.png" alt="Water" height="14" width="32"><img src="https:\/\/play.pokemonshowdown.com\/sprites\/types\/Dark.png" alt="Dark" height="14" width="32"><\/span> <span style="float: left ; min-height: 26px"><span class="col abilitycol">Rain Dish<\/span><span class="col abilitycol"><\/span><\/span><span style="float: left ; min-height: 26px"><span class="col statcol"><em>HP<\/em><br>95<\/span> <span class="col statcol"><em>Atk<\/em><br>155<\/span> <span class="col statcol"><em>Def<\/em><br>109<\/span> <span class="col statcol"><em>SpA<\/em><br>70<\/span> <span class="col statcol"><em>SpD<\/em><br>130<\/span> <span class="col statcol"><em>Spe<\/em><br>81<\/span> <\/span><\/li><li style="clear: both"><\/li><\/ul>
|move|p2a: Greninja|Hydro Pump|p1a: Gyarados
|-resisted|p1a: Gyarados
|-damage|p1a: Gyarados|11\/100
|move|p1a: Gyarados|Dragon Dance|p1a: Gyarados
|-boost|p1a: Gyarados|atk|1
|-boost|p1a: Gyarados|spe|1
|
|-weather|RainDance|[upkeep]
|-heal|p1a: Gyarados|24\/100|[from] ability: Rain Dish
|upkeep
|turn|7
|
|t:|1685837750
|switch|p2a: Ferrothorn|Ferrothorn, F|100\/100
|-damage|p2a: Ferrothorn|94\/100|[from] Stealth Rock
|move|p1a: Gyarados|Crunch|p2a: Ferrothorn
|-damage|p2a: Ferrothorn|44\/100
|-damage|p1a: Gyarados|11\/100|[from] ability: Iron Barbs|[of] p2a: Ferrothorn
|
|-weather|RainDance|[upkeep]
|-heal|p1a: Gyarados|24\/100|[from] ability: Rain Dish
|-fieldend|move: Electric Terrain
|upkeep
|turn|8
|inactive|joltemons mainer has 270 seconds left.
|
|t:|1685837760
|move|p1a: Gyarados|Crunch|p2a: Ferrothorn
|-damage|p2a: Ferrothorn|0 fnt
|-damage|p1a: Gyarados|11\/100|[from] ability: Iron Barbs|[of] p2a: Ferrothorn
|faint|p2a: Ferrothorn
|
|-weather|none
|-heal|p1a: Gyarados|17\/100|[from] ability: Rain Dish
|upkeep
|
|t:|1685837767
|switch|p2a: Pelipper|Pelipper, M|100\/100
|-damage|p2a: Pelipper|75\/100|[from] Stealth Rock
|-weather|RainDance|[from] ability: Drizzle|[of] p2a: Pelipper
|turn|9
|
|t:|1685837773
|move|p1a: Gyarados|Crunch|p2a: Pelipper
|-damage|p2a: Pelipper|17\/100
|move|p2a: Pelipper|U-turn|p1a: Gyarados
|-supereffective|p1a: Gyarados
|-damage|p1a: Gyarados|1\/100
|
|t:|1685837777
|switch|p2a: Swampert|Swampert, M|100\/100|[from]move: U-turn
|-damage|p2a: Swampert|94\/100|[from] Stealth Rock
|
|-weather|RainDance|[upkeep]
|-heal|p1a: Gyarados|13\/100|[from] ability: Rain Dish
|upkeep
|turn|10
|
|t:|1685837802
|switch|p1a: Tapu Koko|Tapu Koko|28\/100
|-fieldstart|move: Electric Terrain|[from] ability: Electric Surge|[of] p1a: Tapu Koko
|detailschange|p2a: Swampert|Swampert-Mega, M
|-mega|p2a: Swampert|Swampert|Swampertite
|-start|p2a: Swampert|typechange|Water\/Ground|[silent]
|raw|<ul class="utilichart"><li class="result"><span class="col pokemonnamecol" style="white-space: nowrap">Swampert-Mega<\/span> <span class="col typecol"><img src="https:\/\/play.pokemonshowdown.com\/sprites\/types\/Water.png" alt="Water" height="14" width="32"><img src="https:\/\/play.pokemonshowdown.com\/sprites\/types\/Ground.png" alt="Ground" height="14" width="32"><\/span> <span style="float: left ; min-height: 26px"><span class="col abilitycol">Swift Swim<\/span><span class="col abilitycol"><\/span><\/span><span style="float: left ; min-height: 26px"><span class="col statcol"><em>HP<\/em><br>100<\/span> <span class="col statcol"><em>Atk<\/em><br>150<\/span> <span class="col statcol"><em>Def<\/em><br>110<\/span> <span class="col statcol"><em>SpA<\/em><br>95<\/span> <span class="col statcol"><em>SpD<\/em><br>110<\/span> <span class="col statcol"><em>Spe<\/em><br>70<\/span> <\/span><\/li><li style="clear: both"><\/li><\/ul>
|move|p2a: Swampert|Earthquake|p1a: Tapu Koko
|-supereffective|p1a: Tapu Koko
|-damage|p1a: Tapu Koko|0 fnt
|faint|p1a: Tapu Koko
|
|-weather|RainDance|[upkeep]
|upkeep
|
|t:|1685837804
|switch|p1a: Hawlucha|Hawlucha, M|100\/100
|-enditem|p1a: Hawlucha|Electric Seed
|-boost|p1a: Hawlucha|def|1|[from] item: Electric Seed
|turn|11
|
|t:|1685837813
|move|p1a: Hawlucha|Swords Dance|p1a: Hawlucha
|-boost|p1a: Hawlucha|atk|2
|move|p2a: Swampert|Flip Turn|p1a: Hawlucha
|-damage|p1a: Hawlucha|51\/100
|
|t:|1685837815
|switch|p2a: Zapdos|Zapdos|100\/100|[from]move: Flip Turn
|
|-weather|RainDance|[upkeep]
|-sideend|p1: joltemons mainer|move: Light Screen
|upkeep
|turn|12
|
|t:|1685837823
|move|p1a: Hawlucha|Substitute|p1a: Hawlucha
|-start|p1a: Hawlucha|Substitute
|-damage|p1a: Hawlucha|26\/100
|move|p2a: Zapdos|Volt Switch|p1a: Hawlucha
|-supereffective|p1a: Hawlucha
|-end|p1a: Hawlucha|Substitute
|
|t:|1685837828
|switch|p2a: Greninja|Greninja-Ash, M|24\/100|[from]move: Volt Switch
|-damage|p2a: Greninja|11\/100|[from] Stealth Rock
|
|-weather|RainDance|[upkeep]
|upkeep
|turn|13
|
|t:|1685837840
|move|p2a: Greninja|Water Shuriken|p1a: Hawlucha
|-damage|p1a: Hawlucha|0 fnt
|-hitcount|p1a: Hawlucha|1
|faint|p1a: Hawlucha
|
|-weather|RainDance|[upkeep]
|upkeep
|
|t:|1685837854
|switch|p1a: the freak show|Mesprit|100\/100
|-start|p1a: the freak show|typechange|Psychic\/Fairy|[silent]
|raw|<ul class="utilichart"><li class="result"><span class="col pokemonnamecol" style="white-space: nowrap">Mesprit<\/span> <span class="col typecol"><img src="https:\/\/play.pokemonshowdown.com\/sprites\/types\/Psychic.png" alt="Psychic" height="14" width="32"><img src="https:\/\/play.pokemonshowdown.com\/sprites\/types\/Fairy.png" alt="Fairy" height="14" width="32"><\/span> <span style="float: left ; min-height: 26px"><span class="col abilitycol">Levitate \/ Moody \/ Prankster<\/span><span class="col abilitycol"><\/span><\/span><\/li><li style="clear: both"><\/li><\/ul>
|raw|<ul class="utilichart"><li class="result"><span style="float: left ; min-height: 26px"><span class="col statcol"><em>HP<\/em><br>80<\/span> <span class="col statcol"><em>Atk<\/em><br>105<\/span> <span class="col statcol"><em>Def<\/em><br>105<\/span> <span class="col statcol"><em>SpA<\/em><br>105<\/span> <span class="col statcol"><em>SpD<\/em><br>105<\/span> <span class="col statcol"><em>Spe<\/em><br>80<\/span> <\/span><\/li><li style="clear: both"><\/li><\/ul>
|turn|14
|
|t:|1685837864
|move|p2a: Greninja|Water Shuriken|p1a: the freak show
|-damage|p1a: the freak show|76\/100
|-damage|p1a: the freak show|51\/100
|-crit|p1a: the freak show
|-damage|p1a: the freak show|14\/100
|-hitcount|p1a: the freak show|3
|move|p1a: the freak show|Draining Kiss|p2a: Greninja
|-supereffective|p2a: Greninja
|-damage|p2a: Greninja|0 fnt
|-heal|p1a: the freak show|20\/100|[from] drain|[of] p2a: Greninja
|faint|p2a: Greninja
|
|-weather|RainDance|[upkeep]
|-heal|p1a: the freak show|26\/100|[from] item: Leftovers
|-fieldend|move: Electric Terrain
|-ability|p1a: the freak show|Moody|boost
|-boost|p1a: the freak show|spe|1
|upkeep
|
|t:|1685837872
|switch|p2a: Swampert|Swampert-Mega, M|94\/100
|-damage|p2a: Swampert|88\/100|[from] Stealth Rock
|-start|p2a: Swampert|typechange|Water\/Ground|[silent]
|turn|15
|
|t:|1685837881
|move|p2a: Swampert|Liquidation|p1a: the freak show
|-damage|p1a: the freak show|0 fnt
|faint|p1a: the freak show
|
|-weather|RainDance|[upkeep]
|upkeep
|
|t:|1685837885
|switch|p1a: Gyarados|Gyarados-Mega, M|13\/100
|-start|p1a: Gyarados|typechange|Water\/Dark|[silent]
|turn|16
|
|t:|1685837897
|switch|p2a: Zapdos|Zapdos|100\/100
|move|p1a: Gyarados|Crunch|p2a: Zapdos
|-damage|p2a: Zapdos|64\/100
|-unboost|p2a: Zapdos|def|1
|
|-weather|none
|-heal|p1a: Gyarados|20\/100|[from] ability: Rain Dish
|upkeep
|turn|17
|
|t:|1685837903
|move|p1a: Gyarados|Crunch|p2a: Zapdos
|-damage|p2a: Zapdos|7\/100
|move|p2a: Zapdos|Defog|p1a: Gyarados
|-unboost|p1a: Gyarados|evasion|1
|-sideend|p2: vstra|Stealth Rock|[from] move: Defog|[of] p2a: Zapdos
|
|-heal|p1a: Gyarados|26\/100|[from] ability: Rain Dish
|upkeep
|turn|18
|
|t:|1685837931
|move|p1a: Gyarados|Crunch|p2a: Zapdos
|-damage|p2a: Zapdos|0 fnt
|faint|p2a: Zapdos
|
|-heal|p1a: Gyarados|32\/100|[from] ability: Rain Dish
|upkeep
|
|t:|1685837934
|switch|p2a: Pelipper|Pelipper, M|17\/100
|-weather|RainDance|[from] ability: Drizzle|[of] p2a: Pelipper
|turn|19
|
|t:|1685837942
|move|p1a: Gyarados|Substitute|p1a: Gyarados
|-start|p1a: Gyarados|Substitute
|-damage|p1a: Gyarados|7\/100
|move|p2a: Pelipper|U-turn|p1a: Gyarados
|-supereffective|p1a: Gyarados
|-activate|p1a: Gyarados|move: Substitute|[damage]
|
|t:|1685837945
|switch|p2a: Swampert|Swampert-Mega, M|88\/100|[from]move: U-turn
|-start|p2a: Swampert|typechange|Water\/Ground|[silent]
|
|-weather|RainDance|[upkeep]
|-heal|p1a: Gyarados|19\/100|[from] ability: Rain Dish
|upkeep
|turn|20
|
|t:|1685837960
|move|p2a: Swampert|Earthquake|p1a: Gyarados
|-end|p1a: Gyarados|Substitute
|move|p1a: Gyarados|Dragon Dance|p1a: Gyarados
|-boost|p1a: Gyarados|atk|1
|-boost|p1a: Gyarados|spe|1
|
|-weather|RainDance|[upkeep]
|-heal|p1a: Gyarados|32\/100|[from] ability: Rain Dish
|upkeep
|turn|21
|
|t:|1685837965
|move|p2a: Swampert|Earthquake|p1a: Gyarados
|-damage|p1a: Gyarados|0 fnt
|faint|p1a: Gyarados
|
|-weather|RainDance|[upkeep]
|upkeep
|
|t:|1685837967
|switch|p1a: Volcarona|Volcarona, M|100\/100
|turn|22
|
|t:|1685837969
|move|p2a: Swampert|Liquidation|p1a: Volcarona
|-supereffective|p1a: Volcarona
|-damage|p1a: Volcarona|0 fnt
|faint|p1a: Volcarona
|
|win|vstra
|c|☆joltemons mainer|Gg
|c|☆vstra|Gg
|l| Beka
|l|☆joltemons mainer
|c|☆vstra|How do i post win
</script>
</div>
<div class="battle-log battle-log-inline"><div class="inner"><div class="battle-options"><div style="padding-top: 3px; padding-right: 3px; text-align: right"><button class="icon button" name="openBattleOptions" title="Options">Battle Options</button></div></div><div class="inner message-log"><div class="chat"><small>☆joltemons mainer and ☆vstra joined</small></div><div class=""><small>Format:</small> <br><strong>[Gen 8] JolteMons</strong></div><div class=""><small><em>HP Percentage Mod:</em> HP is shown in percentages</small></div><div class=""><small><em>Endless Battle Clause:</em> Forcing endless battles is banned</small></div><div class=""><small><em>OHKO Clause:</em> OHKO moves are banned</small></div><div class=""><small><em>Evasion Moves Clause:</em> Evasion moves are banned</small></div><div class=""><small><em>Species Clause:</em> Limit one of each Pokémon</small></div><div class=""><small><em>Dynamax Clause:</em> You cannot dynamax</small></div><div class=""><small><em>Sleep Clause Mod:</em> Limit one foe put to sleep</small></div><div class="chat battle-history"><strong>joltemons mainer's team:</strong> <em style="color:#445566;display:block;">Tapu Koko / Hawlucha / Excadrill / Volcarona / Gyarados / Mesprit</em></div><div class="chat battle-history"><strong>vstra's team:</strong> <em style="color:#445566;display:block;">Pelipper / Swampert / Manaphy / Ferrothorn / Zapdos / Greninja</em></div><div class="chat message-error">Battle timer is ON: inactive players will automatically lose when time's up. (requested by joltemons mainer)</div><div class="chat message-error">vstra also wants the timer to be on.</div><div class="chat chatmessage-vstra"><strong style="color:#19a267"><small>☆</small><span class="username" data-name="vstra">vstra</span>:</strong> <em>Hf</em></div><div class="chat chatmessage-joltemonsmainer"><strong style="color:#b06427"><small>☆</small><span class="username" data-name="joltemons mainer">joltemons mainer</span>:</strong> <em>Hf</em></div><div class="chat message-error">joltemons mainer has 270 seconds left.</div><div class="chat message-error">joltemons mainer has 240 seconds left.</div><div class="chat chatmessage-joltemonsmainer"><strong style="color:#b06427"><small>☆</small><span class="username" data-name="joltemons mainer">joltemons mainer</span>:</strong> <em>Can u type /publicroom</em></div><div class="chat chatmessage-joltemonsmainer"><strong style="color:#b06427"><small>☆</small><span class="username" data-name="joltemons mainer">joltemons mainer</span>:</strong> <em>Team is yelling</em></div><div class="chat chatmessage-vstra"><span class="message-log">vstra made this room public.</span></div><div class="chat message-error">joltemons mainer has 210 seconds left.</div><div class="chat chatmessage-vstra"><strong style="color:#19a267"><small>☆</small><span class="username" data-name="vstra">vstra</span>:</strong> <em>Oops</em></div><div class="chat"><small>+Z Strats and  drftgzhuji joined</small></div><div class="spacer battle-history"><br></div><div class="battle-history">Battle started between joltemons mainer and vstra!<br></div><div class="spacer battle-history"><br></div><div class="battle-history">Go! <strong>Excadrill</strong>!<br></div><div class="spacer battle-history"><br></div><div class="battle-history">vstra sent out <strong>Pelipper</strong>!<br></div><div class="battle-history">[Excadrill's Mold Breaker]<br><small>Excadrill breaks the mold!</small><br></div><div class="battle-history">[The opposing Pelipper's Drizzle]<br><small>It started to rain!</small><br></div><div class="spacer battle-history"><br></div><h2 class="battle-history">Turn 1</h2><div class="spacer battle-history"><br></div><div class="battle-history">Excadrill used <strong>Stealth Rock</strong>!<br></div><div class="battle-history"><small>Pointed stones float in the air around the opposing team!</small><br></div><div class="spacer battle-history"><br></div><div class="battle-history">The opposing Pelipper used <strong>U-turn</strong>!<br></div><div class="battle-history"><small>It's not very effective...</small><br></div><div class="battle-history"><small>(Excadrill lost 5% of its health!)</small><br></div><div class="spacer battle-history"><br></div><div class="battle-history">The opposing Pelipper went back to vstra!<br></div><div class="battle-history">vstra sent out <strong>Greninja</strong>!<br></div><div class="battle-history"><small>Pointed stones dug into the opposing Greninja!</small><br></div><div class="spacer battle-history"><br></div><div class="battle-history"><small>(Rain continues to fall.)</small><br></div><div class="spacer battle-history"><br></div><h2 class="battle-history">Turn 2</h2><div class="chat message-error">joltemons mainer has 270 seconds left.</div><div class="spacer battle-history"><br></div><div class="battle-history">Excadrill, come back!<br></div><div class="battle-history">Go! <strong>Gyarados</strong>!<br></div><div class="battle-history">[Gyarados's Intimidate]<br></div><div class="battle-history"><small>The opposing Greninja's Attack fell!</small><br></div><div class="spacer battle-history"><br></div><div class="battle-history">The opposing Greninja used <strong>Hydro Pump</strong>!<br></div><div class="battle-history"><small>It's not very effective...</small><br></div><div class="battle-history"><small>(Gyarados lost 61% of its health!)</small><br></div><div class="spacer battle-history"><br></div><div class="battle-history"><small>(Rain continues to fall.)</small><br></div><div class="spacer battle-history"><br></div><h2 class="battle-history">Turn 3</h2><div class="chat message-error">joltemons mainer has 270 seconds left.</div><div class="chat"><small> Beka joined</small></div><div class="chat chatmessage-joltemonsmainer"><strong style="color:#b06427"><small>☆</small><span class="username" data-name="joltemons mainer">joltemons mainer</span>:</strong> <em>Oops</em></div><div class="spacer battle-history"><br></div><div class="battle-history">Gyarados, come back!<br></div><div class="battle-history">Go! <strong>Tapu Koko</strong>!<br></div><div class="battle-history">[Tapu Koko's Electric Surge]<br><small>An electric current ran across the battlefield!</small><br></div><div class="spacer battle-history"><br></div><div class="battle-history">The opposing Greninja used <strong>Hydro Pump</strong>!<br></div><div class="battle-history"><small>Tapu Koko avoided the attack!</small><br></div><div class="spacer battle-history"><br></div><div class="battle-history"><small>(Rain continues to fall.)</small><br></div><div class="spacer battle-history"><br></div><h2 class="battle-history">Turn 4</h2><div class="spacer battle-history"><br></div><div class="battle-history">Tapu Koko used <strong>Light Screen</strong>!<br></div><div class="battle-history"><small>Light Screen made your team stronger against special moves!</small><br></div><div class="spacer battle-history"><br></div><div class="battle-history">The opposing Greninja used <strong>Hydro Pump</strong>!<br></div><div class="battle-history"><small>(Tapu Koko lost 72% of its health!)</small><br></div><div class="spacer battle-history"><br></div><div class="battle-history"><small>(Rain continues to fall.)</small><br></div><div class="spacer battle-history"><br></div><h2 class="battle-history">Turn 5</h2><div class="spacer battle-history"><br></div><div class="battle-history">Tapu Koko used <strong>U-turn</strong>!<br></div><div class="battle-history"><small>It's super effective!</small><br></div><div class="battle-history"><small>(The opposing Greninja lost 64% of its health!)</small><br></div><div class="spacer battle-history"><br></div><div class="battle-history">Tapu Koko went back to joltemons mainer!<br></div><div class="battle-history">Go! <strong>Excadrill</strong>!<br></div><div class="battle-history">[Excadrill's Mold Breaker]<br><small>Excadrill breaks the mold!</small><br></div><div class="spacer battle-history"><br></div><div class="battle-history">The opposing Greninja used <strong>Hydro Pump</strong>!<br></div><div class="battle-history"><small>It's super effective!</small><br></div><div class="battle-history"><small>(Excadrill lost 95% of its health!)</small><br></div><div class="spacer battle-history"><br></div><div class="battle-history">Excadrill fainted!<br></div><div class="battle-history">[The opposing Greninja's Battle Bond]<br><small>The opposing Greninja became fully charged due to its bond with its Trainer!</small><br></div><div class="battle-history">The opposing Greninja became Ash-Greninja!<br></div><div class="spacer battle-history"><br></div><div class="battle-history"><small>(Rain continues to fall.)</small><br></div><div class="spacer battle-history"><br></div><div class="battle-history">Go! <strong>Gyarados</strong>!<br></div><div class="battle-history">[Gyarados's Intimidate]<br></div><div class="battle-history"><small>The opposing Greninja's Attack fell!</small><br></div><div class="spacer battle-history"><br></div><h2 class="battle-history">Turn 6</h2><div class="spacer battle-history"><br></div><div class="battle-history"><small>Gyarados's Gyaradosite is reacting to the Key Stone!</small><br>Gyarados has Mega Evolved into Mega Gyarados!<br></div><div class="chat"><ul class="utilichart"><li class="result"><span class="col pokemonnamecol" style="white-space: nowrap">Gyarados-Mega</span> <span class="col typecol"><img src="https://play.pokemonshowdown.com/sprites/types/Water.png" alt="Water" height="14" width="32"><img src="https://play.pokemonshowdown.com/sprites/types/Dark.png" alt="Dark" height="14" width="32"></span> <span style="float: left ; min-height: 26px"><span class="col abilitycol">Rain Dish</span><span class="col abilitycol"></span></span><span style="float: left ; min-height: 26px"><span class="col statcol"><em>HP</em><br>95</span> <span class="col statcol"><em>Atk</em><br>155</span> <span class="col statcol"><em>Def</em><br>109</span> <span class="col statcol"><em>SpA</em><br>70</span> <span class="col statcol"><em>SpD</em><br>130</span> <span class="col statcol"><em>Spe</em><br>81</span> </span></li><li style="clear: both"></li></ul></div><div class="spacer battle-history"><br></div><div class="battle-history">The opposing Greninja used <strong>Hydro Pump</strong>!<br></div><div class="battle-history"><small>It's not very effective...</small><br></div><div class="battle-history"><small>(Gyarados lost 28% of its health!)</small><br></div><div class="spacer battle-history"><br></div><div class="battle-history">Gyarados used <strong>Dragon Dance</strong>!<br></div><div class="battle-history"><small>Gyarados's Attack rose!</small><br></div><div class="battle-history"><small>Gyarados's Speed rose!</small><br></div><div class="spacer battle-history"><br></div><div class="battle-history"><small>(Rain continues to fall.)</small><br></div><div class="battle-history">[Gyarados's Rain Dish]<br><small>Gyarados had its HP restored.</small><br></div><div class="spacer battle-history"><br></div><h2 class="battle-history">Turn 7</h2><div class="spacer battle-history"><br></div><div class="battle-history">vstra withdrew Greninja!<br></div><div class="battle-history">vstra sent out <strong>Ferrothorn</strong>!<br></div><div class="battle-history"><small>Pointed stones dug into the opposing Ferrothorn!</small><br></div><div class="spacer battle-history"><br></div><div class="battle-history">Gyarados used <strong>Crunch</strong>!<br></div><div class="battle-history"><small>(The opposing Ferrothorn lost 50% of its health!)</small><br></div><div class="battle-history">[The opposing Ferrothorn's Iron Barbs]<br><small>Gyarados was hurt!</small><br></div><div class="spacer battle-history"><br></div><div class="battle-history"><small>(Rain continues to fall.)</small><br></div><div class="battle-history">[Gyarados's Rain Dish]<br><small>Gyarados had its HP restored.</small><br></div><div class="battle-history"><small>The electricity disappeared from the battlefield.</small><br></div><div class="spacer battle-history"><br></div><h2 class="battle-history">Turn 8</h2><div class="chat message-error">joltemons mainer has 270 seconds left.</div><div class="spacer battle-history"><br></div><div class="battle-history">Gyarados used <strong>Crunch</strong>!<br></div><div class="battle-history"><small>(The opposing Ferrothorn lost 44% of its health!)</small><br></div><div class="battle-history">[The opposing Ferrothorn's Iron Barbs]<br><small>Gyarados was hurt!</small><br></div><div class="spacer battle-history"><br></div><div class="battle-history">The opposing Ferrothorn fainted!<br></div><div class="spacer battle-history"><br></div><div class="battle-history"><small>The rain stopped.</small><br></div><div class="battle-history">[Gyarados's Rain Dish]<br><small>Gyarados had its HP restored.</small><br></div><div class="spacer battle-history"><br></div><div class="battle-history">vstra sent out <strong>Pelipper</strong>!<br></div><div class="battle-history"><small>Pointed stones dug into the opposing Pelipper!</small><br></div><div class="battle-history">[The opposing Pelipper's Drizzle]<br><small>It started to rain!</small><br></div><div class="spacer battle-history"><br></div><h2 class="battle-history">Turn 9</h2><div class="spacer battle-history"><br></div><div class="battle-history">Gyarados used <strong>Crunch</strong>!<br></div><div class="battle-history"><small>(The opposing Pelipper lost 58% of its health!)</small><br></div><div class="spacer battle-history"><br></div><div class="battle-history">The opposing Pelipper used <strong>U-turn</strong>!<br></div><div class="battle-history"><small>It's super effective!</small><br></div><div class="battle-history"><small>(Gyarados lost 16% of its health!)</small><br></div><div class="spacer battle-history"><br></div><div class="battle-history">The opposing Pelipper went back to vstra!<br></div><div class="battle-history">vstra sent out <strong>Swampert</strong>!<br></div><div class="battle-history"><small>Pointed stones dug into the opposing Swampert!</small><br></div><div class="spacer battle-history"><br></div><div class="battle-history"><small>(Rain continues to fall.)</small><br></div><div class="battle-history">[Gyarados's Rain Dish]<br><small>Gyarados had its HP restored.</small><br></div><div class="spacer battle-history"><br></div><h2 class="battle-history">Turn 10</h2><div class="spacer battle-history"><br></div><div class="battle-history">Gyarados, come back!<br></div><div class="battle-history">Go! <strong>Tapu Koko</strong>!<br></div><div class="battle-history">[Tapu Koko's Electric Surge]<br><small>An electric current ran across the battlefield!</small><br></div><div class="spacer battle-history"><br></div><div class="battle-history"><small>The opposing Swampert's Swampertite is reacting to the Key Stone!</small><br>The opposing Swampert has Mega Evolved into Mega Swampert!<br></div><div class="chat"><ul class="utilichart"><li class="result"><span class="col pokemonnamecol" style="white-space: nowrap">Swampert-Mega</span> <span class="col typecol"><img src="https://play.pokemonshowdown.com/sprites/types/Water.png" alt="Water" height="14" width="32"><img src="https://play.pokemonshowdown.com/sprites/types/Ground.png" alt="Ground" height="14" width="32"></span> <span style="float: left ; min-height: 26px"><span class="col abilitycol">Swift Swim</span><span class="col abilitycol"></span></span><span style="float: left ; min-height: 26px"><span class="col statcol"><em>HP</em><br>100</span> <span class="col statcol"><em>Atk</em><br>150</span> <span class="col statcol"><em>Def</em><br>110</span> <span class="col statcol"><em>SpA</em><br>95</span> <span class="col statcol"><em>SpD</em><br>110</span> <span class="col statcol"><em>Spe</em><br>70</span> </span></li><li style="clear: both"></li></ul></div><div class="spacer battle-history"><br></div><div class="battle-history">The opposing Swampert used <strong>Earthquake</strong>!<br></div><div class="battle-history"><small>It's super effective!</small><br></div><div class="battle-history"><small>(Tapu Koko lost 28% of its health!)</small><br></div><div class="spacer battle-history"><br></div><div class="battle-history">Tapu Koko fainted!<br></div><div class="spacer battle-history"><br></div><div class="battle-history"><small>(Rain continues to fall.)</small><br></div><div class="spacer battle-history"><br></div><div class="battle-history">Go! <strong>Hawlucha</strong>!<br></div><div class="battle-history"><small>(Hawlucha used its Electric Seed!)</small><br></div><div class="battle-history"><small>The Electric Seed raised Hawlucha's Defense!</small><br></div><div class="spacer battle-history"><br></div><h2 class="battle-history">Turn 11</h2><div class="spacer battle-history"><br></div><div class="battle-history">Hawlucha used <strong>Swords Dance</strong>!<br></div><div class="battle-history"><small>Hawlucha's Attack rose sharply!</small><br></div><div class="spacer battle-history"><br></div><div class="battle-history">The opposing Swampert used <strong>Flip Turn</strong>!<br></div><div class="battle-history"><small>(Hawlucha lost 49% of its health!)</small><br></div><div class="spacer battle-history"><br></div><div class="battle-history">The opposing Swampert went back to vstra!<br></div><div class="battle-history">vstra sent out <strong>Zapdos</strong>!<br></div><div class="spacer battle-history"><br></div><div class="battle-history"><small>(Rain continues to fall.)</small><br></div><div class="battle-history"><small>Your team's Light Screen wore off!</small><br></div><div class="spacer battle-history"><br></div><h2 class="battle-history">Turn 12</h2><div class="spacer battle-history"><br></div><div class="battle-history">Hawlucha used <strong>Substitute</strong>!<br></div><div class="battle-history"><small>Hawlucha put in a substitute!</small><br></div><div class="battle-history"><small>(Hawlucha lost 25% of its health!)</small><br></div><div class="spacer battle-history"><br></div><div class="battle-history">The opposing Zapdos used <strong>Volt Switch</strong>!<br></div><div class="battle-history"><small>It's super effective!</small><br></div><div class="battle-history"><small>Hawlucha's substitute faded!</small><br></div><div class="spacer battle-history"><br></div><div class="battle-history">The opposing Zapdos went back to vstra!<br></div><div class="battle-history">vstra sent out Greninja (<strong>Greninja-Ash</strong>)!<br></div><div class="battle-history"><small>Pointed stones dug into the opposing Greninja!</small><br></div><div class="spacer battle-history"><br></div><div class="battle-history"><small>(Rain continues to fall.)</small><br></div><div class="spacer battle-history"><br></div><h2 class="battle-history">Turn 13</h2><div class="spacer battle-history"><br></div><div class="battle-history">The opposing Greninja used <strong>Water Shuriken</strong>!<br></div><div class="battle-history"><small>(Hawlucha lost 26% of its health!)</small><br></div><div class="battle-history"><small>The Pokémon was hit 1 time!</small><br></div><div class="spacer battle-history"><br></div><div class="battle-history">Hawlucha fainted!<br></div><div class="spacer battle-history"><br></div><div class="battle-history"><small>(Rain continues to fall.)</small><br></div><div class="spacer battle-history"><br></div><div class="battle-history">Go! the freak show (<strong>Mesprit</strong>)!<br></div><div class="chat"><ul class="utilichart"><li class="result"><span class="col pokemonnamecol" style="white-space: nowrap">Mesprit</span> <span class="col typecol"><img src="https://play.pokemonshowdown.com/sprites/types/Psychic.png" alt="Psychic" height="14" width="32"><img src="https://play.pokemonshowdown.com/sprites/types/Fairy.png" alt="Fairy" height="14" width="32"></span> <span style="float: left ; min-height: 26px"><span class="col abilitycol">Levitate / Moody / Prankster</span><span class="col abilitycol"></span></span></li><li style="clear: both"></li></ul></div><div class="chat"><ul class="utilichart"><li class="result"><span style="float: left ; min-height: 26px"><span class="col statcol"><em>HP</em><br>80</span> <span class="col statcol"><em>Atk</em><br>105</span> <span class="col statcol"><em>Def</em><br>105</span> <span class="col statcol"><em>SpA</em><br>105</span> <span class="col statcol"><em>SpD</em><br>105</span> <span class="col statcol"><em>Spe</em><br>80</span> </span></li><li style="clear: both"></li></ul></div><div class="spacer battle-history"><br></div><h2 class="battle-history">Turn 14</h2><div class="spacer battle-history"><br></div><div class="battle-history">The opposing Greninja used <strong>Water Shuriken</strong>!<br></div><div class="battle-history"><small>(the freak show lost 24% of its health!)</small><br></div><div class="battle-history"><small>(the freak show lost 25% of its health!)</small><br></div><div class="battle-history"><small>A critical hit!</small><br></div><div class="battle-history"><small>(the freak show lost 37% of its health!)</small><br></div><div class="battle-history"><small>The Pokémon was hit 3 times!</small><br></div><div class="spacer battle-history"><br></div><div class="battle-history">the freak show used <strong>Draining Kiss</strong>!<br></div><div class="battle-history"><small>It's super effective!</small><br></div><div class="battle-history"><small>(The opposing Greninja lost 11% of its health!)</small><br></div><div class="battle-history"><small>The opposing Greninja had its energy drained!</small><br></div><div class="spacer battle-history"><br></div><div class="battle-history">The opposing Greninja fainted!<br></div><div class="spacer battle-history"><br></div><div class="battle-history"><small>(Rain continues to fall.)</small><br></div><div class="battle-history"><small>the freak show restored a little HP using its Leftovers!</small><br></div><div class="battle-history"><small>The electricity disappeared from the battlefield.</small><br></div><div class="battle-history">[the freak show's Moody]<br></div><div class="battle-history"><small>the freak show's Speed rose!</small><br></div><div class="spacer battle-history"><br></div><div class="battle-history">vstra sent out Swampert (<strong>Swampert-Mega</strong>)!<br></div><div class="battle-history"><small>Pointed stones dug into the opposing Swampert!</small><br></div><div class="spacer battle-history"><br></div><h2 class="battle-history">Turn 15</h2><div class="spacer battle-history"><br></div><div class="battle-history">The opposing Swampert used <strong>Liquidation</strong>!<br></div><div class="battle-history"><small>(the freak show lost 26% of its health!)</small><br></div><div class="spacer battle-history"><br></div><div class="battle-history">the freak show fainted!<br></div><div class="spacer battle-history"><br></div><div class="battle-history"><small>(Rain continues to fall.)</small><br></div><div class="spacer battle-history"><br></div><div class="battle-history">Go! Gyarados (<strong>Gyarados-Mega</strong>)!<br></div><div class="spacer battle-history"><br></div><h2 class="battle-history">Turn 16</h2><div class="spacer battle-history"><br></div><div class="battle-history">vstra withdrew Swampert!<br></div><div class="battle-history">vstra sent out <strong>Zapdos</strong>!<br></div><div class="spacer battle-history"><br></div><div class="battle-history">Gyarados used <strong>Crunch</strong>!<br></div><div class="battle-history"><small>(The opposing Zapdos lost 36% of its health!)</small><br></div><div class="battle-history"><small>The opposing Zapdos's Defense fell!</small><br></div><div class="spacer battle-history"><br></div><div class="battle-history"><small>The rain stopped.</small><br></div><div class="battle-history">[Gyarados's Rain Dish]<br><small>Gyarados had its HP restored.</small><br></div><div class="spacer battle-history"><br></div><h2 class="battle-history">Turn 17</h2><div class="spacer battle-history"><br></div><div class="battle-history">Gyarados used <strong>Crunch</strong>!<br></div><div class="battle-history"><small>(The opposing Zapdos lost 57% of its health!)</small><br></div><div class="spacer battle-history"><br></div><div class="battle-history">The opposing Zapdos used <strong>Defog</strong>!<br></div><div class="battle-history"><small>Gyarados's evasiveness fell!</small><br></div><div class="battle-history"><small>The pointed stones disappeared from around the opposing team!</small><br></div><div class="spacer battle-history"><br></div><div class="battle-history">[Gyarados's Rain Dish]<br><small>Gyarados had its HP restored.</small><br></div><div class="spacer battle-history"><br></div><h2 class="battle-history">Turn 18</h2><div class="spacer battle-history"><br></div><div class="battle-history">Gyarados used <strong>Crunch</strong>!<br></div><div class="battle-history"><small>(The opposing Zapdos lost 7% of its health!)</small><br></div><div class="spacer battle-history"><br></div><div class="battle-history">The opposing Zapdos fainted!<br></div><div class="spacer battle-history"><br></div><div class="battle-history">[Gyarados's Rain Dish]<br><small>Gyarados had its HP restored.</small><br></div><div class="spacer battle-history"><br></div><div class="battle-history">vstra sent out <strong>Pelipper</strong>!<br></div><div class="battle-history">[The opposing Pelipper's Drizzle]<br><small>It started to rain!</small><br></div><div class="spacer battle-history"><br></div><h2 class="battle-history">Turn 19</h2><div class="spacer battle-history"><br></div><div class="battle-history">Gyarados used <strong>Substitute</strong>!<br></div><div class="battle-history"><small>Gyarados put in a substitute!</small><br></div><div class="battle-history"><small>(Gyarados lost 25% of its health!)</small><br></div><div class="spacer battle-history"><br></div><div class="battle-history">The opposing Pelipper used <strong>U-turn</strong>!<br></div><div class="battle-history"><small>It's super effective!</small><br></div><div class="battle-history"><small>The substitute took damage for Gyarados!</small><br></div><div class="spacer battle-history"><br></div><div class="battle-history">The opposing Pelipper went back to vstra!<br></div><div class="battle-history">vstra sent out Swampert (<strong>Swampert-Mega</strong>)!<br></div><div class="spacer battle-history"><br></div><div class="battle-history"><small>(Rain continues to fall.)</small><br></div><div class="battle-history">[Gyarados's Rain Dish]<br><small>Gyarados had its HP restored.</small><br></div><div class="spacer battle-history"><br></div><h2 class="battle-history">Turn 20</h2><div class="spacer battle-history"><br></div><div class="battle-history">The opposing Swampert used <strong>Earthquake</strong>!<br></div><div class="battle-history"><small>Gyarados's substitute faded!</small><br></div><div class="spacer battle-history"><br></div><div class="battle-history">Gyarados used <strong>Dragon Dance</strong>!<br></div><div class="battle-history"><small>Gyarados's Attack rose!</small><br></div><div class="battle-history"><small>Gyarados's Speed rose!</small><br></div><div class="spacer battle-history"><br></div><div class="battle-history"><small>(Rain continues to fall.)</small><br></div><div class="battle-history">[Gyarados's Rain Dish]<br><small>Gyarados had its HP restored.</small><br></div><div class="spacer battle-history"><br></div><h2 class="battle-history">Turn 21</h2><div class="spacer battle-history"><br></div><div class="battle-history">The opposing Swampert used <strong>Earthquake</strong>!<br></div><div class="battle-history"><small>(Gyarados lost 32% of its health!)</small><br></div><div class="spacer battle-history"><br></div><div class="battle-history">Gyarados fainted!<br></div><div class="spacer battle-history"><br></div><div class="battle-history"><small>(Rain continues to fall.)</small><br></div><div class="spacer battle-history"><br></div><div class="battle-history">Go! <strong>Volcarona</strong>!<br></div><div class="spacer battle-history"><br></div><h2 class="battle-history">Turn 22</h2><div class="spacer battle-history"><br></div><div class="battle-history">The opposing Swampert used <strong>Liquidation</strong>!<br></div><div class="battle-history"><small>It's super effective!</small><br></div><div class="battle-history"><small>(Volcarona lost 100% of its health!)</small><br></div><div class="spacer battle-history"><br></div><div class="battle-history">Volcarona fainted!<br></div><div class="spacer battle-history"><br></div><div class="battle-history"><strong>vstra</strong> won the battle!<br></div><div class="chat chatmessage-joltemonsmainer"><strong style="color:#b06427"><small>☆</small><span class="username" data-name="joltemons mainer">joltemons mainer</span>:</strong> <em>Gg</em></div><div class="chat chatmessage-vstra"><strong style="color:#19a267"><small>☆</small><span class="username" data-name="vstra">vstra</span>:</strong> <em>Gg</em></div><div class="chat"><small> Beka and ☆joltemons mainer left</small></div><div class="chat chatmessage-vstra"><strong style="color:#19a267"><small>☆</small><span class="username" data-name="vstra">vstra</span>:</strong> <em>How do i post win</em></div></div><div class="inner-preempt message-log"></div></div></div>
</div>
<script>
let daily = Math.floor(Date.now()/1000/60/60/24);document.write('<script src="https://play.pokemonshowdown.com/js/replay-embed.js?version'+daily+'"></'+'script>');
</script>
