<!DOCTYPE html>
<meta charset="utf-8" />
<!-- version 1 -->
<title>[Gen 1] Burgundy Version replay: Tuthur vs. gastalies</title>
<style>
html,body {font-family:Verdana, sans-serif;font-size:10pt;margin:0;padding:0;}body{padding:12px 0;} .battle-log {font-family:Verdana, sans-serif;font-size:10pt;} .battle-log-inline {border:1px solid #AAAAAA;background:#EEF2F5;color:black;max-width:640px;margin:0 auto 80px;padding-bottom:5px;} .battle-log .inner {padding:4px 8px 0px 8px;} .battle-log .inner-preempt {padding:0 8px 4px 8px;} .battle-log .inner-after {margin-top:0.5em;} .battle-log h2 {margin:0.5em -8px;padding:4px 8px;border:1px solid #AAAAAA;background:#E0E7EA;border-left:0;border-right:0;font-family:Verdana, sans-serif;font-size:13pt;} .battle-log .chat {vertical-align:middle;padding:3px 0 3px 0;font-size:8pt;} .battle-log .chat strong {color:#40576A;} .battle-log .chat em {padding:1px 4px 1px 3px;color:#000000;font-style:normal;} .chat.mine {background:rgba(0,0,0,0.05);margin-left:-8px;margin-right:-8px;padding-left:8px;padding-right:8px;} .spoiler {color:#BBBBBB;background:#BBBBBB;padding:0px 3px;} .spoiler:hover, .spoiler:active, .spoiler-shown {color:#000000;background:#E2E2E2;padding:0px 3px;} .spoiler a {color:#BBBBBB;} .spoiler:hover a, .spoiler:active a, .spoiler-shown a {color:#2288CC;} .chat code, .chat .spoiler:hover code, .chat .spoiler:active code, .chat .spoiler-shown code {border:1px solid #C0C0C0;background:#EEEEEE;color:black;padding:0 2px;} .chat .spoiler code {border:1px solid #CCCCCC;background:#CCCCCC;color:#CCCCCC;} .battle-log .rated {padding:3px 4px;} .battle-log .rated strong {color:white;background:#89A;padding:1px 4px;border-radius:4px;} .spacer {margin-top:0.5em;} .message-announce {background:#6688AA;color:white;padding:1px 4px 2px;} .message-announce a, .broadcast-green a, .broadcast-blue a, .broadcast-red a {color:#DDEEFF;} .broadcast-green {background-color:#559955;color:white;padding:2px 4px;} .broadcast-blue {background-color:#6688AA;color:white;padding:2px 4px;} .infobox {border:1px solid #6688AA;padding:2px 4px;} .infobox-limited {max-height:200px;overflow:auto;overflow-x:hidden;} .broadcast-red {background-color:#AA5544;color:white;padding:2px 4px;} .message-learn-canlearn {font-weight:bold;color:#228822;text-decoration:underline;} .message-learn-cannotlearn {font-weight:bold;color:#CC2222;text-decoration:underline;} .message-effect-weak {font-weight:bold;color:#CC2222;} .message-effect-resist {font-weight:bold;color:#6688AA;} .message-effect-immune {font-weight:bold;color:#666666;} .message-learn-list {margin-top:0;margin-bottom:0;} .message-throttle-notice, .message-error {color:#992222;} .message-overflow, .chat small.message-overflow {font-size:0pt;} .message-overflow::before {font-size:9pt;content:'...';} .subtle {color:#3A4A66;}
</style>
<div class="wrapper replay-wrapper" style="max-width:1180px;margin:0 auto">
<input type="hidden" name="replayid" value="dragonheaven-gen1burgundyversion-10" />
<div class="battle"></div><div class="battle-log"></div><div class="replay-controls"></div><div class="replay-controls-2"></div>
<h1 style="font-weight:normal;text-align:center"><strong>[Gen 1] Burgundy Version</strong><br /><a href="http://pokemonshowdown.com/users/tuthur" class="subtle" target="_blank">Tuthur</a> vs. <a href="http://pokemonshowdown.com/users/gastalies" class="subtle" target="_blank">gastalies</a></h1>
<script type="text/plain" class="battle-log-data">|j|☆Tuthur
|j|☆gastalies

|t:|1685891872
|player|p1|Tuthur|siebold|
|player|p2|gastalies|169|
|teamsize|p1|6
|teamsize|p2|6
|gametype|singles
|gen|1
|tier|[Gen 1] Burgundy Version
|rule|Desync Clause Mod: Desyncs changed to move failure.
|rule|Stadium Sleep Clause: Limit one foe put to sleep
|rule|Freeze Clause Mod: Limit one foe frozen
|rule|Species Clause: Limit one of each Pokémon
|rule|OHKO Clause: OHKO moves are banned
|rule|Evasion Moves Clause: Evasion moves are banned
|rule|Endless Battle Clause: Forcing endless battles is banned
|rule|HP Percentage Mod: HP is shown in percentages
|
|t:|1685891872
|start
|switch|p1a: Alakazam|Alakazam|100\/100
|switch|p2a: Exeggutor|Exeggutor|393\/393
|-start|p1a: Alakazam|typechange|Psychic|[silent]
|raw|<ul class="utilichart"><li class="result"><span class="col pokemonnamecol" style="white-space: nowrap">Alakazam<\/span> <span class="col typecol"><img src="https:\/\/play.pokemonshowdown.com\/sprites\/types\/Psychic.png" alt="Psychic" height="14" width="32"><\/span> <span style="float: left ; min-height: 26px"><span class="col abilitycol">Synchronize \/ Inner Focus<\/span><span class="col abilitycol"><\/span><\/span><\/li><li style="clear: both"><\/li><\/ul>
|raw|<ul class="utilichart"><li class="result"><span style="float: left ; min-height: 26px"><span class="col statcol"><em>HP<\/em><br>55<\/span> <span class="col statcol"><em>Atk<\/em><br>50<\/span> <span class="col statcol"><em>Def<\/em><br>45<\/span> <span class="col statcol"><em>SpA<\/em><br>135<\/span> <span class="col statcol"><em>SpD<\/em><br>135<\/span> <span class="col statcol"><em>Spe<\/em><br>120<\/span> <\/span><\/li><li style="clear: both"><\/li><\/ul>
|-start|p2a: Exeggutor|typechange|Grass\/Psychic|[silent]
|raw|<ul class="utilichart"><li class="result"><span class="col pokemonnamecol" style="white-space: nowrap">Exeggutor<\/span> <span class="col typecol"><img src="https:\/\/play.pokemonshowdown.com\/sprites\/types\/Grass.png" alt="Grass" height="14" width="32"><img src="https:\/\/play.pokemonshowdown.com\/sprites\/types\/Psychic.png" alt="Psychic" height="14" width="32"><\/span> <span style="float: left ; min-height: 26px"><span class="col abilitycol">Chlorophyll<\/span><span class="col abilitycol"><\/span><\/span><\/li><li style="clear: both"><\/li><\/ul>
|raw|<ul class="utilichart"><li class="result"><span style="float: left ; min-height: 26px"><span class="col statcol"><em>HP<\/em><br>95<\/span> <span class="col statcol"><em>Atk<\/em><br>95<\/span> <span class="col statcol"><em>Def<\/em><br>85<\/span> <span class="col statcol"><em>SpA<\/em><br>125<\/span> <span class="col statcol"><em>SpD<\/em><br>125<\/span> <span class="col statcol"><em>Spe<\/em><br>55<\/span> <\/span><\/li><li style="clear: both"><\/li><\/ul>
|turn|1
|c|☆Tuthur|glhf
|
|t:|1685891884
|move|p1a: Alakazam|Ice Punch|p2a: Exeggutor
|-supereffective|p2a: Exeggutor
|-damage|p2a: Exeggutor|261\/393
|move|p2a: Exeggutor|Stun Spore|p1a: Alakazam
|-status|p1a: Alakazam|par
|
|upkeep
|turn|2
|
|t:|1685891893
|move|p2a: Exeggutor|Jungle Healing|p2a: Exeggutor
|-heal|p2a: Exeggutor|359\/393
|move|p1a: Alakazam|Thunder Wave|p2a: Exeggutor
|-status|p2a: Exeggutor|par
|
|upkeep
|turn|3
|
|t:|1685891897
|move|p1a: Alakazam|Ice Punch|p2a: Exeggutor
|-crit|p2a: Exeggutor
|-supereffective|p2a: Exeggutor
|-damage|p2a: Exeggutor|118\/393 par
|move|p2a: Exeggutor|Double-Edge|p1a: Alakazam
|-damage|p1a: Alakazam|65\/100 par
|-damage|p2a: Exeggutor|91\/393 par|[from] Recoil|[of] p1a: Alakazam
|
|upkeep
|turn|4
|
|t:|1685891904
|switch|p2a: Tyranitar|Tyranitar, M|403\/403
|-start|p2a: Tyranitar|typechange|Rock|[silent]
|raw|<ul class="utilichart"><li class="result"><span class="col pokemonnamecol" style="white-space: nowrap">Tyranitar<\/span> <span class="col typecol"><img src="https:\/\/play.pokemonshowdown.com\/sprites\/types\/Rock.png" alt="Rock" height="14" width="32"><\/span> <span style="float: left ; min-height: 26px"><span class="col abilitycol">undefined<\/span><span class="col abilitycol"><\/span><\/span><\/li><li style="clear: both"><\/li><\/ul>
|raw|<ul class="utilichart"><li class="result"><span style="float: left ; min-height: 26px"><span class="col statcol"><em>HP<\/em><br>100<\/span> <span class="col statcol"><em>Atk<\/em><br>134<\/span> <span class="col statcol"><em>Def<\/em><br>95<\/span> <span class="col statcol"><em>SpA<\/em><br>100<\/span> <span class="col statcol"><em>SpD<\/em><br>100<\/span> <span class="col statcol"><em>Spe<\/em><br>61<\/span> <\/span><\/li><li style="clear: both"><\/li><\/ul>
|cant|p1a: Alakazam|par
|
|upkeep
|turn|5
|
|t:|1685891914
|switch|p1a: Starmie|Starmie|100\/100
|-start|p1a: Starmie|typechange|Water\/Psychic|[silent]
|raw|<ul class="utilichart"><li class="result"><span class="col pokemonnamecol" style="white-space: nowrap">Starmie<\/span> <span class="col typecol"><img src="https:\/\/play.pokemonshowdown.com\/sprites\/types\/Water.png" alt="Water" height="14" width="32"><img src="https:\/\/play.pokemonshowdown.com\/sprites\/types\/Psychic.png" alt="Psychic" height="14" width="32"><\/span> <span style="float: left ; min-height: 26px"><span class="col abilitycol">Illuminate \/ Natural Cure<\/span><span class="col abilitycol"><\/span><\/span><\/li><li style="clear: both"><\/li><\/ul>
|raw|<ul class="utilichart"><li class="result"><span style="float: left ; min-height: 26px"><span class="col statcol"><em>HP<\/em><br>60<\/span> <span class="col statcol"><em>Atk<\/em><br>75<\/span> <span class="col statcol"><em>Def<\/em><br>85<\/span> <span class="col statcol"><em>SpA<\/em><br>100<\/span> <span class="col statcol"><em>SpD<\/em><br>100<\/span> <span class="col statcol"><em>Spe<\/em><br>115<\/span> <\/span><\/li><li style="clear: both"><\/li><\/ul>
|move|p2a: Tyranitar|Crunch|p1a: Starmie
|-damage|p1a: Starmie|60\/100
|
|upkeep
|turn|6
|
|t:|1685891920
|move|p1a: Starmie|Psychic|p2a: Tyranitar
|-crit|p2a: Tyranitar
|-damage|p2a: Tyranitar|187\/403
|move|p2a: Tyranitar|Thunder Wave|p1a: Starmie
|-status|p1a: Starmie|par
|
|upkeep
|turn|7
|
|t:|1685891928
|move|p2a: Tyranitar|Crunch|p1a: Starmie
|-damage|p1a: Starmie|18\/100 par
|-unboost|p1a: Starmie|def|1
|cant|p1a: Starmie|par
|
|upkeep
|turn|8
|
|t:|1685891932
|move|p2a: Tyranitar|Crunch|p1a: Starmie
|-crit|p1a: Starmie
|-damage|p1a: Starmie|0 fnt
|faint|p1a: Starmie
|
|t:|1685891941
|switch|p1a: Exeggutor|Exeggutor|100\/100
|-start|p1a: Exeggutor|typechange|Grass\/Psychic|[silent]
|raw|<ul class="utilichart"><li class="result"><span class="col pokemonnamecol" style="white-space: nowrap">Exeggutor<\/span> <span class="col typecol"><img src="https:\/\/play.pokemonshowdown.com\/sprites\/types\/Grass.png" alt="Grass" height="14" width="32"><img src="https:\/\/play.pokemonshowdown.com\/sprites\/types\/Psychic.png" alt="Psychic" height="14" width="32"><\/span> <span style="float: left ; min-height: 26px"><span class="col abilitycol">Chlorophyll<\/span><span class="col abilitycol"><\/span><\/span><\/li><li style="clear: both"><\/li><\/ul>
|raw|<ul class="utilichart"><li class="result"><span style="float: left ; min-height: 26px"><span class="col statcol"><em>HP<\/em><br>95<\/span> <span class="col statcol"><em>Atk<\/em><br>95<\/span> <span class="col statcol"><em>Def<\/em><br>85<\/span> <span class="col statcol"><em>SpA<\/em><br>125<\/span> <span class="col statcol"><em>SpD<\/em><br>125<\/span> <span class="col statcol"><em>Spe<\/em><br>55<\/span> <\/span><\/li><li style="clear: both"><\/li><\/ul>
|turn|9
|
|t:|1685891945
|move|p2a: Tyranitar|Thunder Wave|p1a: Exeggutor
|-status|p1a: Exeggutor|par
|cant|p1a: Exeggutor|par
|
|upkeep
|turn|10
|
|t:|1685891951
|switch|p2a: Exeggutor|Exeggutor|91\/393 par
|-start|p2a: Exeggutor|typechange|Grass\/Psychic|[silent]
|move|p1a: Exeggutor|Psychic|p2a: Exeggutor
|-resisted|p2a: Exeggutor
|-damage|p2a: Exeggutor|36\/393 par
|
|upkeep
|turn|11
|
|t:|1685891954
|move|p2a: Exeggutor|Jungle Healing|p2a: Exeggutor
|-heal|p2a: Exeggutor|134\/393 par
|-curestatus|p2a: Exeggutor|par|[msg]
|move|p1a: Exeggutor|Psychic|p2a: Exeggutor
|-resisted|p2a: Exeggutor
|-damage|p2a: Exeggutor|82\/393
|-unboost|p2a: Exeggutor|spd|1
|-unboost|p2a: Exeggutor|spa|1
|
|upkeep
|turn|12
|
|t:|1685891960
|switch|p1a: Alakazam|Alakazam|65\/100 par
|-start|p1a: Alakazam|typechange|Psychic|[silent]
|move|p2a: Exeggutor|Jungle Healing|p2a: Exeggutor
|-heal|p2a: Exeggutor|180\/393
|
|upkeep
|turn|13
|
|t:|1685891966
|switch|p2a: Tyranitar|Tyranitar, M|187\/403
|-start|p2a: Tyranitar|typechange|Rock|[silent]
|move|p1a: Alakazam|Psychic|p2a: Tyranitar
|-damage|p2a: Tyranitar|50\/403
|
|upkeep
|turn|14
|
|t:|1685891970
|switch|p1a: Exeggutor|Exeggutor|100\/100 par
|-start|p1a: Exeggutor|typechange|Grass\/Psychic|[silent]
|move|p2a: Tyranitar|Crunch|p1a: Exeggutor
|-damage|p1a: Exeggutor|69\/100 par
|
|upkeep
|turn|15
|
|t:|1685891974
|move|p2a: Tyranitar|Fire Blast|p1a: Exeggutor
|-crit|p1a: Exeggutor
|-supereffective|p1a: Exeggutor
|-damage|p1a: Exeggutor|0 fnt
|faint|p1a: Exeggutor
|
|t:|1685891978
|switch|p1a: Tauros|Tauros|100\/100
|-start|p1a: Tauros|typechange|Normal|[silent]
|raw|<ul class="utilichart"><li class="result"><span class="col pokemonnamecol" style="white-space: nowrap">Tauros<\/span> <span class="col typecol"><img src="https:\/\/play.pokemonshowdown.com\/sprites\/types\/Normal.png" alt="Normal" height="14" width="32"><\/span> <span style="float: left ; min-height: 26px"><span class="col abilitycol">Intimidate \/ Anger Point<\/span><span class="col abilitycol"><\/span><\/span><\/li><li style="clear: both"><\/li><\/ul>
|raw|<ul class="utilichart"><li class="result"><span style="float: left ; min-height: 26px"><span class="col statcol"><em>HP<\/em><br>75<\/span> <span class="col statcol"><em>Atk<\/em><br>100<\/span> <span class="col statcol"><em>Def<\/em><br>95<\/span> <span class="col statcol"><em>SpA<\/em><br>70<\/span> <span class="col statcol"><em>SpD<\/em><br>70<\/span> <span class="col statcol"><em>Spe<\/em><br>110<\/span> <\/span><\/li><li style="clear: both"><\/li><\/ul>
|turn|16
|
|t:|1685891984
|move|p1a: Tauros|Body Slam|p2a: Tyranitar
|-resisted|p2a: Tyranitar
|-damage|p2a: Tyranitar|0 fnt
|faint|p2a: Tyranitar
|
|t:|1685891985
|switch|p2a: Starmie|Starmie|323\/323
|-start|p2a: Starmie|typechange|Water\/Psychic|[silent]
|raw|<ul class="utilichart"><li class="result"><span class="col pokemonnamecol" style="white-space: nowrap">Starmie<\/span> <span class="col typecol"><img src="https:\/\/play.pokemonshowdown.com\/sprites\/types\/Water.png" alt="Water" height="14" width="32"><img src="https:\/\/play.pokemonshowdown.com\/sprites\/types\/Psychic.png" alt="Psychic" height="14" width="32"><\/span> <span style="float: left ; min-height: 26px"><span class="col abilitycol">Illuminate \/ Natural Cure<\/span><span class="col abilitycol"><\/span><\/span><\/li><li style="clear: both"><\/li><\/ul>
|raw|<ul class="utilichart"><li class="result"><span style="float: left ; min-height: 26px"><span class="col statcol"><em>HP<\/em><br>60<\/span> <span class="col statcol"><em>Atk<\/em><br>75<\/span> <span class="col statcol"><em>Def<\/em><br>85<\/span> <span class="col statcol"><em>SpA<\/em><br>100<\/span> <span class="col statcol"><em>SpD<\/em><br>100<\/span> <span class="col statcol"><em>Spe<\/em><br>115<\/span> <\/span><\/li><li style="clear: both"><\/li><\/ul>
|turn|17
|
|t:|1685891993
|switch|p1a: Alakazam|Alakazam|65\/100 par
|-start|p1a: Alakazam|typechange|Psychic|[silent]
|move|p2a: Starmie|Surf|p1a: Alakazam
|-crit|p1a: Alakazam
|-damage|p1a: Alakazam|7\/100 par
|
|upkeep
|turn|18
|
|t:|1685891996
|move|p2a: Starmie|Surf|p1a: Alakazam
|-crit|p1a: Alakazam
|-damage|p1a: Alakazam|0 fnt
|faint|p1a: Alakazam
|
|t:|1685892001
|switch|p1a: Jolteon|Jolteon|100\/100
|-start|p1a: Jolteon|typechange|Electric|[silent]
|raw|<ul class="utilichart"><li class="result"><span class="col pokemonnamecol" style="white-space: nowrap">Jolteon<\/span> <span class="col typecol"><img src="https:\/\/play.pokemonshowdown.com\/sprites\/types\/Electric.png" alt="Electric" height="14" width="32"><\/span> <span style="float: left ; min-height: 26px"><span class="col abilitycol">Volt Absorb<\/span><span class="col abilitycol"><\/span><\/span><\/li><li style="clear: both"><\/li><\/ul>
|raw|<ul class="utilichart"><li class="result"><span style="float: left ; min-height: 26px"><span class="col statcol"><em>HP<\/em><br>65<\/span> <span class="col statcol"><em>Atk<\/em><br>65<\/span> <span class="col statcol"><em>Def<\/em><br>60<\/span> <span class="col statcol"><em>SpA<\/em><br>110<\/span> <span class="col statcol"><em>SpD<\/em><br>110<\/span> <span class="col statcol"><em>Spe<\/em><br>130<\/span> <\/span><\/li><li style="clear: both"><\/li><\/ul>
|turn|19
|
|t:|1685892005
|move|p1a: Jolteon|Growth|p1a: Jolteon
|-boost|p1a: Jolteon|spa|1
|-boost|p1a: Jolteon|spd|1
|move|p2a: Starmie|Thunder Wave|p1a: Jolteon
|-status|p1a: Jolteon|par
|
|upkeep
|turn|20
|
|t:|1685892012
|move|p2a: Starmie|Surf|p1a: Jolteon
|-crit|p1a: Jolteon
|-damage|p1a: Jolteon|43\/100 par
|move|p1a: Jolteon|Thunderbolt|p2a: Starmie
|-supereffective|p2a: Starmie
|-damage|p2a: Starmie|0 fnt
|faint|p2a: Starmie
|
|t:|1685892016
|switch|p2a: Tauros|Tauros|353\/353
|-start|p2a: Tauros|typechange|Normal|[silent]
|raw|<ul class="utilichart"><li class="result"><span class="col pokemonnamecol" style="white-space: nowrap">Tauros<\/span> <span class="col typecol"><img src="https:\/\/play.pokemonshowdown.com\/sprites\/types\/Normal.png" alt="Normal" height="14" width="32"><\/span> <span style="float: left ; min-height: 26px"><span class="col abilitycol">Intimidate \/ Anger Point<\/span><span class="col abilitycol"><\/span><\/span><\/li><li style="clear: both"><\/li><\/ul>
|raw|<ul class="utilichart"><li class="result"><span style="float: left ; min-height: 26px"><span class="col statcol"><em>HP<\/em><br>75<\/span> <span class="col statcol"><em>Atk<\/em><br>100<\/span> <span class="col statcol"><em>Def<\/em><br>95<\/span> <span class="col statcol"><em>SpA<\/em><br>70<\/span> <span class="col statcol"><em>SpD<\/em><br>70<\/span> <span class="col statcol"><em>Spe<\/em><br>110<\/span> <\/span><\/li><li style="clear: both"><\/li><\/ul>
|turn|21
|
|t:|1685892019
|switch|p1a: Aerodactyl|Aerodactyl|100\/100
|-start|p1a: Aerodactyl|typechange|Rock\/Flying|[silent]
|raw|<ul class="utilichart"><li class="result"><span class="col pokemonnamecol" style="white-space: nowrap">Aerodactyl<\/span> <span class="col typecol"><img src="https:\/\/play.pokemonshowdown.com\/sprites\/types\/Rock.png" alt="Rock" height="14" width="32"><img src="https:\/\/play.pokemonshowdown.com\/sprites\/types\/Flying.png" alt="Flying" height="14" width="32"><\/span> <span style="float: left ; min-height: 26px"><span class="col abilitycol">Rock Head \/ Pressure<\/span><span class="col abilitycol"><\/span><\/span><\/li><li style="clear: both"><\/li><\/ul>
|raw|<ul class="utilichart"><li class="result"><span style="float: left ; min-height: 26px"><span class="col statcol"><em>HP<\/em><br>80<\/span> <span class="col statcol"><em>Atk<\/em><br>105<\/span> <span class="col statcol"><em>Def<\/em><br>75<\/span> <span class="col statcol"><em>SpA<\/em><br>70<\/span> <span class="col statcol"><em>SpD<\/em><br>70<\/span> <span class="col statcol"><em>Spe<\/em><br>130<\/span> <\/span><\/li><li style="clear: both"><\/li><\/ul>
|move|p2a: Tauros|Earthquake|p1a: Aerodactyl
|-immune|p1a: Aerodactyl
|
|upkeep
|turn|22
|
|t:|1685892025
|move|p1a: Aerodactyl|Rock Slide|p2a: Tauros
|-damage|p2a: Tauros|255\/353
|move|p2a: Tauros|Blizzard|p1a: Aerodactyl
|-supereffective|p1a: Aerodactyl
|-damage|p1a: Aerodactyl|52\/100
|
|upkeep
|turn|23
|
|t:|1685892032
|move|p1a: Aerodactyl|Rock Slide|p2a: Tauros
|-damage|p2a: Tauros|158\/353
|move|p2a: Tauros|Body Slam|p1a: Aerodactyl
|-crit|p1a: Aerodactyl
|-resisted|p1a: Aerodactyl
|-damage|p1a: Aerodactyl|21\/100
|
|upkeep
|turn|24
|
|t:|1685892038
|move|p1a: Aerodactyl|Hyper Beam|p2a: Tauros
|-damage|p2a: Tauros|24\/353
|-mustrecharge|p1a: Aerodactyl
|move|p2a: Tauros|Hyper Beam|p1a: Aerodactyl
|-resisted|p1a: Aerodactyl
|-damage|p1a: Aerodactyl|0 fnt
|faint|p1a: Aerodactyl
|
|t:|1685892040
|switch|p1a: Tauros|Tauros|100\/100
|-start|p1a: Tauros|typechange|Normal|[silent]
|turn|25
|
|t:|1685892045
|switch|p2a: Exeggutor|Exeggutor|180\/393
|-start|p2a: Exeggutor|typechange|Grass\/Psychic|[silent]
|move|p1a: Tauros|Body Slam|p2a: Exeggutor
|-damage|p2a: Exeggutor|62\/393
|
|upkeep
|turn|26
|
|t:|1685892050
|move|p1a: Tauros|Body Slam|p2a: Exeggutor
|-damage|p2a: Exeggutor|0 fnt
|faint|p2a: Exeggutor
|
|t:|1685892053
|switch|p2a: Alakazam|Alakazam|313\/313
|-start|p2a: Alakazam|typechange|Psychic|[silent]
|raw|<ul class="utilichart"><li class="result"><span class="col pokemonnamecol" style="white-space: nowrap">Alakazam<\/span> <span class="col typecol"><img src="https:\/\/play.pokemonshowdown.com\/sprites\/types\/Psychic.png" alt="Psychic" height="14" width="32"><\/span> <span style="float: left ; min-height: 26px"><span class="col abilitycol">Synchronize \/ Inner Focus<\/span><span class="col abilitycol"><\/span><\/span><\/li><li style="clear: both"><\/li><\/ul>
|raw|<ul class="utilichart"><li class="result"><span style="float: left ; min-height: 26px"><span class="col statcol"><em>HP<\/em><br>55<\/span> <span class="col statcol"><em>Atk<\/em><br>50<\/span> <span class="col statcol"><em>Def<\/em><br>45<\/span> <span class="col statcol"><em>SpA<\/em><br>135<\/span> <span class="col statcol"><em>SpD<\/em><br>135<\/span> <span class="col statcol"><em>Spe<\/em><br>120<\/span> <\/span><\/li><li style="clear: both"><\/li><\/ul>
|turn|27
|
|t:|1685892058
|switch|p1a: Jolteon|Jolteon|43\/100 par
|-start|p1a: Jolteon|typechange|Electric|[silent]
|move|p2a: Alakazam|Thunder Wave|p1a: Jolteon
|-fail|p1a: Jolteon|par
|
|upkeep
|turn|28
|
|t:|1685892069
|switch|p2a: Zapdos|Zapdos|383\/383
|-start|p2a: Zapdos|typechange|Electric\/Flying|[silent]
|raw|<ul class="utilichart"><li class="result"><span class="col pokemonnamecol" style="white-space: nowrap">Zapdos<\/span> <span class="col typecol"><img src="https:\/\/play.pokemonshowdown.com\/sprites\/types\/Electric.png" alt="Electric" height="14" width="32"><img src="https:\/\/play.pokemonshowdown.com\/sprites\/types\/Flying.png" alt="Flying" height="14" width="32"><\/span> <span style="float: left ; min-height: 26px"><span class="col abilitycol">Pressure<\/span><span class="col abilitycol"><\/span><\/span><\/li><li style="clear: both"><\/li><\/ul>
|raw|<ul class="utilichart"><li class="result"><span style="float: left ; min-height: 26px"><span class="col statcol"><em>HP<\/em><br>90<\/span> <span class="col statcol"><em>Atk<\/em><br>90<\/span> <span class="col statcol"><em>Def<\/em><br>85<\/span> <span class="col statcol"><em>SpA<\/em><br>125<\/span> <span class="col statcol"><em>SpD<\/em><br>125<\/span> <span class="col statcol"><em>Spe<\/em><br>100<\/span> <\/span><\/li><li style="clear: both"><\/li><\/ul>
|move|p1a: Jolteon|Thunder Wave|p2a: Zapdos
|-status|p2a: Zapdos|par
|
|upkeep
|turn|29
|
|t:|1685892081
|move|p1a: Jolteon|Growth|p1a: Jolteon
|-boost|p1a: Jolteon|spa|1
|-boost|p1a: Jolteon|spd|1
|move|p2a: Zapdos|Agility|p2a: Zapdos
|-boost|p2a: Zapdos|spe|2
|
|upkeep
|turn|30
|
|t:|1685892084
|move|p2a: Zapdos|Drill Peck|p1a: Jolteon
|-resisted|p1a: Jolteon
|-damage|p1a: Jolteon|25\/100 par
|move|p1a: Jolteon|Thunderbolt|p2a: Zapdos
|-crit|p2a: Zapdos
|-damage|p2a: Zapdos|176\/383 par
|
|upkeep
|turn|31
|
|t:|1685892086
|cant|p2a: Zapdos|par
|move|p1a: Jolteon|Thunderbolt|p2a: Zapdos
|-damage|p2a: Zapdos|31\/383 par
|
|upkeep
|turn|32
|
|t:|1685892088
|move|p2a: Zapdos|Drill Peck|p1a: Jolteon
|-resisted|p1a: Jolteon
|-damage|p1a: Jolteon|7\/100 par
|cant|p1a: Jolteon|par
|
|upkeep
|turn|33
|
|t:|1685892090
|move|p2a: Zapdos|Drill Peck|p1a: Jolteon
|-resisted|p1a: Jolteon
|-damage|p1a: Jolteon|0 fnt
|faint|p1a: Jolteon
|
|t:|1685892092
|switch|p1a: Tauros|Tauros|100\/100
|-start|p1a: Tauros|typechange|Normal|[silent]
|turn|34
|
|t:|1685892094
|move|p2a: Zapdos|Thunder Wave|p1a: Tauros
|-status|p1a: Tauros|par
|move|p1a: Tauros|Body Slam|p2a: Zapdos
|-damage|p2a: Zapdos|0 fnt
|faint|p2a: Zapdos
|
|t:|1685892095
|switch|p2a: Alakazam|Alakazam|313\/313
|-start|p2a: Alakazam|typechange|Psychic|[silent]
|turn|35
|
|t:|1685892097
|move|p2a: Alakazam|Psychic|p1a: Tauros
|-damage|p1a: Tauros|55\/100 par
|move|p1a: Tauros|Hyper Beam|p2a: Alakazam
|-damage|p2a: Alakazam|42\/313
|-mustrecharge|p1a: Tauros
|
|upkeep
|turn|36
|c|☆gastalies|ggs
|
|t:|1685892109
|move|p2a: Alakazam|Psychic|p1a: Tauros
|-damage|p1a: Tauros|5\/100 par
|cant|p1a: Tauros|recharge
|
|upkeep
|turn|37
|
|t:|1685892117
|move|p2a: Alakazam|Psychic|p1a: Tauros
|-damage|p1a: Tauros|0 fnt
|faint|p1a: Tauros
|
|win|gastalies</script>
</div>
<div class="battle-log battle-log-inline"><div class="inner"><div class="battle-options"><div style="padding-top: 3px; padding-right: 3px; text-align: right"><button class="icon button" name="openBattleOptions" title="Options">Battle Options</button></div></div><div class="inner message-log"><div class="chat"><small>☆Tuthur and ☆gastalies joined</small></div><div class=""><small>Format:</small> <br><strong>[Gen 1] Burgundy Version</strong></div><div class=""><small><em>Desync Clause Mod:</em> Desyncs changed to move failure.</small></div><div class=""><small><em>Stadium Sleep Clause:</em> Limit one foe put to sleep</small></div><div class=""><small><em>Freeze Clause Mod:</em> Limit one foe frozen</small></div><div class=""><small><em>Species Clause:</em> Limit one of each Pokémon</small></div><div class=""><small><em>OHKO Clause:</em> OHKO moves are banned</small></div><div class=""><small><em>Evasion Moves Clause:</em> Evasion moves are banned</small></div><div class=""><small><em>Endless Battle Clause:</em> Forcing endless battles is banned</small></div><div class=""><small><em>HP Percentage Mod:</em> HP is shown in percentages</small></div><div class="spacer battle-history"><br></div><div class="battle-history">Battle started between Tuthur and gastalies!<br></div><div class="spacer battle-history"><br></div><div class="battle-history">Tuthur sent out <strong>Alakazam</strong>!<br></div><div class="spacer battle-history"><br></div><div class="battle-history">Go! <strong>Exeggutor</strong>!<br></div><div class="chat"><ul class="utilichart"><li class="result"><span class="col pokemonnamecol" style="white-space: nowrap">Alakazam</span> <span class="col typecol"><img src="https://play.pokemonshowdown.com/sprites/types/Psychic.png" alt="Psychic" height="14" width="32"></span> <span style="float: left ; min-height: 26px"><span class="col abilitycol">Synchronize / Inner Focus</span><span class="col abilitycol"></span></span></li><li style="clear: both"></li></ul></div><div class="chat"><ul class="utilichart"><li class="result"><span style="float: left ; min-height: 26px"><span class="col statcol"><em>HP</em><br>55</span> <span class="col statcol"><em>Atk</em><br>50</span> <span class="col statcol"><em>Def</em><br>45</span> <span class="col statcol"><em>SpA</em><br>135</span> <span class="col statcol"><em>SpD</em><br>135</span> <span class="col statcol"><em>Spe</em><br>120</span> </span></li><li style="clear: both"></li></ul></div><div class="chat"><ul class="utilichart"><li class="result"><span class="col pokemonnamecol" style="white-space: nowrap">Exeggutor</span> <span class="col typecol"><img src="https://play.pokemonshowdown.com/sprites/types/Grass.png" alt="Grass" height="14" width="32"><img src="https://play.pokemonshowdown.com/sprites/types/Psychic.png" alt="Psychic" height="14" width="32"></span> <span style="float: left ; min-height: 26px"><span class="col abilitycol">Chlorophyll</span><span class="col abilitycol"></span></span></li><li style="clear: both"></li></ul></div><div class="chat"><ul class="utilichart"><li class="result"><span style="float: left ; min-height: 26px"><span class="col statcol"><em>HP</em><br>95</span> <span class="col statcol"><em>Atk</em><br>95</span> <span class="col statcol"><em>Def</em><br>85</span> <span class="col statcol"><em>SpA</em><br>125</span> <span class="col statcol"><em>SpD</em><br>125</span> <span class="col statcol"><em>Spe</em><br>55</span> </span></li><li style="clear: both"></li></ul></div><div class="spacer battle-history"><br></div><h2 class="battle-history">Turn 1</h2><div class="chat chatmessage-tuthur"><strong style="color:#3473a0"><small>☆</small><span class="username" data-name="Tuthur">Tuthur</span>:</strong> <em>glhf</em></div><div class="spacer battle-history"><br></div><div class="battle-history">The opposing Alakazam used <strong>Ice Punch</strong>!<br></div><div class="battle-history"><small>It's super effective!</small><br></div><div class="battle-history"><small>(Exeggutor lost <abbr title="−132/393">33.6%</abbr> of its health!)</small><br></div><div class="spacer battle-history"><br></div><div class="battle-history">Exeggutor used <strong>Stun Spore</strong>!<br></div><div class="battle-history"><small>The opposing Alakazam is paralyzed! It may be unable to move!</small><br></div><div class="spacer battle-history"><br></div><h2 class="battle-history">Turn 2</h2><div class="spacer battle-history"><br></div><div class="battle-history">Exeggutor used <strong>Jungle Healing</strong>!<br></div><div class="battle-history"><small>Exeggutor had its HP restored.</small><br></div><div class="spacer battle-history"><br></div><div class="battle-history">The opposing Alakazam used <strong>Thunder Wave</strong>!<br></div><div class="battle-history"><small>Exeggutor is paralyzed! It may be unable to move!</small><br></div><div class="spacer battle-history"><br></div><h2 class="battle-history">Turn 3</h2><div class="spacer battle-history"><br></div><div class="battle-history">The opposing Alakazam used <strong>Ice Punch</strong>!<br></div><div class="battle-history"><small>A critical hit!</small><br></div><div class="battle-history"><small>It's super effective!</small><br></div><div class="battle-history"><small>(Exeggutor lost <abbr title="−241/393">61.3%</abbr> of its health!)</small><br></div><div class="spacer battle-history"><br></div><div class="battle-history">Exeggutor used <strong>Double-Edge</strong>!<br></div><div class="battle-history"><small>(The opposing Alakazam lost 35% of its health!)</small><br></div><div class="battle-history"><small>Exeggutor was damaged by the recoil!</small><br></div><div class="spacer battle-history"><br></div><h2 class="battle-history">Turn 4</h2><div class="spacer battle-history"><br></div><div class="battle-history">Exeggutor, come back!<br></div><div class="battle-history">Go! <strong>Tyranitar</strong>!<br></div><div class="chat"><ul class="utilichart"><li class="result"><span class="col pokemonnamecol" style="white-space: nowrap">Tyranitar</span> <span class="col typecol"><img src="https://play.pokemonshowdown.com/sprites/types/Rock.png" alt="Rock" height="14" width="32"></span> <span style="float: left ; min-height: 26px"><span class="col abilitycol">undefined</span><span class="col abilitycol"></span></span></li><li style="clear: both"></li></ul></div><div class="chat"><ul class="utilichart"><li class="result"><span style="float: left ; min-height: 26px"><span class="col statcol"><em>HP</em><br>100</span> <span class="col statcol"><em>Atk</em><br>134</span> <span class="col statcol"><em>Def</em><br>95</span> <span class="col statcol"><em>SpA</em><br>100</span> <span class="col statcol"><em>SpD</em><br>100</span> <span class="col statcol"><em>Spe</em><br>61</span> </span></li><li style="clear: both"></li></ul></div><div class="spacer battle-history"><br></div><div class="battle-history">The opposing Alakazam is paralyzed! It can't move!<br></div><div class="spacer battle-history"><br></div><h2 class="battle-history">Turn 5</h2><div class="spacer battle-history"><br></div><div class="battle-history">Tuthur withdrew Alakazam!<br></div><div class="battle-history">Tuthur sent out <strong>Starmie</strong>!<br></div><div class="chat"><ul class="utilichart"><li class="result"><span class="col pokemonnamecol" style="white-space: nowrap">Starmie</span> <span class="col typecol"><img src="https://play.pokemonshowdown.com/sprites/types/Water.png" alt="Water" height="14" width="32"><img src="https://play.pokemonshowdown.com/sprites/types/Psychic.png" alt="Psychic" height="14" width="32"></span> <span style="float: left ; min-height: 26px"><span class="col abilitycol">Illuminate / Natural Cure</span><span class="col abilitycol"></span></span></li><li style="clear: both"></li></ul></div><div class="chat"><ul class="utilichart"><li class="result"><span style="float: left ; min-height: 26px"><span class="col statcol"><em>HP</em><br>60</span> <span class="col statcol"><em>Atk</em><br>75</span> <span class="col statcol"><em>Def</em><br>85</span> <span class="col statcol"><em>SpA</em><br>100</span> <span class="col statcol"><em>SpD</em><br>100</span> <span class="col statcol"><em>Spe</em><br>115</span> </span></li><li style="clear: both"></li></ul></div><div class="spacer battle-history"><br></div><div class="battle-history">Tyranitar used <strong>Crunch</strong>!<br></div><div class="battle-history"><small>(The opposing Starmie lost 40% of its health!)</small><br></div><div class="spacer battle-history"><br></div><h2 class="battle-history">Turn 6</h2><div class="spacer battle-history"><br></div><div class="battle-history">The opposing Starmie used <strong>Psychic</strong>!<br></div><div class="battle-history"><small>A critical hit!</small><br></div><div class="battle-history"><small>(Tyranitar lost <abbr title="−216/403">53.6%</abbr> of its health!)</small><br></div><div class="spacer battle-history"><br></div><div class="battle-history">Tyranitar used <strong>Thunder Wave</strong>!<br></div><div class="battle-history"><small>The opposing Starmie is paralyzed! It may be unable to move!</small><br></div><div class="spacer battle-history"><br></div><h2 class="battle-history">Turn 7</h2><div class="spacer battle-history"><br></div><div class="battle-history">Tyranitar used <strong>Crunch</strong>!<br></div><div class="battle-history"><small>(The opposing Starmie lost 42% of its health!)</small><br></div><div class="battle-history"><small>The opposing Starmie's Defense fell!</small><br></div><div class="spacer battle-history"><br></div><div class="battle-history">The opposing Starmie is paralyzed! It can't move!<br></div><div class="spacer battle-history"><br></div><h2 class="battle-history">Turn 8</h2><div class="spacer battle-history"><br></div><div class="battle-history">Tyranitar used <strong>Crunch</strong>!<br></div><div class="battle-history"><small>A critical hit!</small><br></div><div class="battle-history"><small>(The opposing Starmie lost 18% of its health!)</small><br></div><div class="spacer battle-history"><br></div><div class="battle-history">The opposing Starmie fainted!<br></div><div class="spacer battle-history"><br></div><div class="battle-history">Tuthur sent out <strong>Exeggutor</strong>!<br></div><div class="chat"><ul class="utilichart"><li class="result"><span class="col pokemonnamecol" style="white-space: nowrap">Exeggutor</span> <span class="col typecol"><img src="https://play.pokemonshowdown.com/sprites/types/Grass.png" alt="Grass" height="14" width="32"><img src="https://play.pokemonshowdown.com/sprites/types/Psychic.png" alt="Psychic" height="14" width="32"></span> <span style="float: left ; min-height: 26px"><span class="col abilitycol">Chlorophyll</span><span class="col abilitycol"></span></span></li><li style="clear: both"></li></ul></div><div class="chat"><ul class="utilichart"><li class="result"><span style="float: left ; min-height: 26px"><span class="col statcol"><em>HP</em><br>95</span> <span class="col statcol"><em>Atk</em><br>95</span> <span class="col statcol"><em>Def</em><br>85</span> <span class="col statcol"><em>SpA</em><br>125</span> <span class="col statcol"><em>SpD</em><br>125</span> <span class="col statcol"><em>Spe</em><br>55</span> </span></li><li style="clear: both"></li></ul></div><div class="spacer battle-history"><br></div><h2 class="battle-history">Turn 9</h2><div class="spacer battle-history"><br></div><div class="battle-history">Tyranitar used <strong>Thunder Wave</strong>!<br></div><div class="battle-history"><small>The opposing Exeggutor is paralyzed! It may be unable to move!</small><br></div><div class="spacer battle-history"><br></div><div class="battle-history">The opposing Exeggutor is paralyzed! It can't move!<br></div><div class="spacer battle-history"><br></div><h2 class="battle-history">Turn 10</h2><div class="spacer battle-history"><br></div><div class="battle-history">Tyranitar, come back!<br></div><div class="battle-history">Go! <strong>Exeggutor</strong>!<br></div><div class="spacer battle-history"><br></div><div class="battle-history">The opposing Exeggutor used <strong>Psychic</strong>!<br></div><div class="battle-history"><small>It's not very effective...</small><br></div><div class="battle-history"><small>(Exeggutor lost <abbr title="−55/393">14.0%</abbr> of its health!)</small><br></div><div class="spacer battle-history"><br></div><h2 class="battle-history">Turn 11</h2><div class="spacer battle-history"><br></div><div class="battle-history">Exeggutor used <strong>Jungle Healing</strong>!<br></div><div class="battle-history"><small>Exeggutor had its HP restored.</small><br></div><div class="battle-history"><small>Exeggutor was cured of paralysis!</small><br></div><div class="spacer battle-history"><br></div><div class="battle-history">The opposing Exeggutor used <strong>Psychic</strong>!<br></div><div class="battle-history"><small>It's not very effective...</small><br></div><div class="battle-history"><small>(Exeggutor lost <abbr title="−52/393">13.2%</abbr> of its health!)</small><br></div><div class="battle-history"><small>Exeggutor's Special fell!</small><br></div><div class="spacer battle-history"><br></div><h2 class="battle-history">Turn 12</h2><div class="spacer battle-history"><br></div><div class="battle-history">Tuthur withdrew Exeggutor!<br></div><div class="battle-history">Tuthur sent out <strong>Alakazam</strong>!<br></div><div class="spacer battle-history"><br></div><div class="battle-history">Exeggutor used <strong>Jungle Healing</strong>!<br></div><div class="battle-history"><small>Exeggutor had its HP restored.</small><br></div><div class="spacer battle-history"><br></div><h2 class="battle-history">Turn 13</h2><div class="spacer battle-history"><br></div><div class="battle-history">Exeggutor, come back!<br></div><div class="battle-history">Go! <strong>Tyranitar</strong>!<br></div><div class="spacer battle-history"><br></div><div class="battle-history">The opposing Alakazam used <strong>Psychic</strong>!<br></div><div class="battle-history"><small>(Tyranitar lost <abbr title="−137/403">34.0%</abbr> of its health!)</small><br></div><div class="spacer battle-history"><br></div><h2 class="battle-history">Turn 14</h2><div class="spacer battle-history"><br></div><div class="battle-history">Tuthur withdrew Alakazam!<br></div><div class="battle-history">Tuthur sent out <strong>Exeggutor</strong>!<br></div><div class="spacer battle-history"><br></div><div class="battle-history">Tyranitar used <strong>Crunch</strong>!<br></div><div class="battle-history"><small>(The opposing Exeggutor lost 31% of its health!)</small><br></div><div class="spacer battle-history"><br></div><h2 class="battle-history">Turn 15</h2><div class="spacer battle-history"><br></div><div class="battle-history">Tyranitar used <strong>Fire Blast</strong>!<br></div><div class="battle-history"><small>A critical hit!</small><br></div><div class="battle-history"><small>It's super effective!</small><br></div><div class="battle-history"><small>(The opposing Exeggutor lost 69% of its health!)</small><br></div><div class="spacer battle-history"><br></div><div class="battle-history">The opposing Exeggutor fainted!<br></div><div class="spacer battle-history"><br></div><div class="battle-history">Tuthur sent out <strong>Tauros</strong>!<br></div><div class="chat"><ul class="utilichart"><li class="result"><span class="col pokemonnamecol" style="white-space: nowrap">Tauros</span> <span class="col typecol"><img src="https://play.pokemonshowdown.com/sprites/types/Normal.png" alt="Normal" height="14" width="32"></span> <span style="float: left ; min-height: 26px"><span class="col abilitycol">Intimidate / Anger Point</span><span class="col abilitycol"></span></span></li><li style="clear: both"></li></ul></div><div class="chat"><ul class="utilichart"><li class="result"><span style="float: left ; min-height: 26px"><span class="col statcol"><em>HP</em><br>75</span> <span class="col statcol"><em>Atk</em><br>100</span> <span class="col statcol"><em>Def</em><br>95</span> <span class="col statcol"><em>SpA</em><br>70</span> <span class="col statcol"><em>SpD</em><br>70</span> <span class="col statcol"><em>Spe</em><br>110</span> </span></li><li style="clear: both"></li></ul></div><div class="spacer battle-history"><br></div><h2 class="battle-history">Turn 16</h2><div class="spacer battle-history"><br></div><div class="battle-history">The opposing Tauros used <strong>Body Slam</strong>!<br></div><div class="battle-history"><small>It's not very effective...</small><br></div><div class="battle-history"><small>(Tyranitar lost <abbr title="−50/403">12.4%</abbr> of its health!)</small><br></div><div class="spacer battle-history"><br></div><div class="battle-history">Tyranitar fainted!<br></div><div class="spacer battle-history"><br></div><div class="battle-history">Go! <strong>Starmie</strong>!<br></div><div class="chat"><ul class="utilichart"><li class="result"><span class="col pokemonnamecol" style="white-space: nowrap">Starmie</span> <span class="col typecol"><img src="https://play.pokemonshowdown.com/sprites/types/Water.png" alt="Water" height="14" width="32"><img src="https://play.pokemonshowdown.com/sprites/types/Psychic.png" alt="Psychic" height="14" width="32"></span> <span style="float: left ; min-height: 26px"><span class="col abilitycol">Illuminate / Natural Cure</span><span class="col abilitycol"></span></span></li><li style="clear: both"></li></ul></div><div class="chat"><ul class="utilichart"><li class="result"><span style="float: left ; min-height: 26px"><span class="col statcol"><em>HP</em><br>60</span> <span class="col statcol"><em>Atk</em><br>75</span> <span class="col statcol"><em>Def</em><br>85</span> <span class="col statcol"><em>SpA</em><br>100</span> <span class="col statcol"><em>SpD</em><br>100</span> <span class="col statcol"><em>Spe</em><br>115</span> </span></li><li style="clear: both"></li></ul></div><div class="spacer battle-history"><br></div><h2 class="battle-history">Turn 17</h2><div class="spacer battle-history"><br></div><div class="battle-history">Tuthur withdrew Tauros!<br></div><div class="battle-history">Tuthur sent out <strong>Alakazam</strong>!<br></div><div class="spacer battle-history"><br></div><div class="battle-history">Starmie used <strong>Surf</strong>!<br></div><div class="battle-history"><small>A critical hit!</small><br></div><div class="battle-history"><small>(The opposing Alakazam lost 58% of its health!)</small><br></div><div class="spacer battle-history"><br></div><h2 class="battle-history">Turn 18</h2><div class="spacer battle-history"><br></div><div class="battle-history">Starmie used <strong>Surf</strong>!<br></div><div class="battle-history"><small>A critical hit!</small><br></div><div class="battle-history"><small>(The opposing Alakazam lost 7% of its health!)</small><br></div><div class="spacer battle-history"><br></div><div class="battle-history">The opposing Alakazam fainted!<br></div><div class="spacer battle-history"><br></div><div class="battle-history">Tuthur sent out <strong>Jolteon</strong>!<br></div><div class="chat"><ul class="utilichart"><li class="result"><span class="col pokemonnamecol" style="white-space: nowrap">Jolteon</span> <span class="col typecol"><img src="https://play.pokemonshowdown.com/sprites/types/Electric.png" alt="Electric" height="14" width="32"></span> <span style="float: left ; min-height: 26px"><span class="col abilitycol">Volt Absorb</span><span class="col abilitycol"></span></span></li><li style="clear: both"></li></ul></div><div class="chat"><ul class="utilichart"><li class="result"><span style="float: left ; min-height: 26px"><span class="col statcol"><em>HP</em><br>65</span> <span class="col statcol"><em>Atk</em><br>65</span> <span class="col statcol"><em>Def</em><br>60</span> <span class="col statcol"><em>SpA</em><br>110</span> <span class="col statcol"><em>SpD</em><br>110</span> <span class="col statcol"><em>Spe</em><br>130</span> </span></li><li style="clear: both"></li></ul></div><div class="spacer battle-history"><br></div><h2 class="battle-history">Turn 19</h2><div class="spacer battle-history"><br></div><div class="battle-history">The opposing Jolteon used <strong>Growth</strong>!<br></div><div class="battle-history"><small>The opposing Jolteon's Special rose!</small><br></div><div class="spacer battle-history"><br></div><div class="battle-history">Starmie used <strong>Thunder Wave</strong>!<br></div><div class="battle-history"><small>The opposing Jolteon is paralyzed! It may be unable to move!</small><br></div><div class="spacer battle-history"><br></div><h2 class="battle-history">Turn 20</h2><div class="spacer battle-history"><br></div><div class="battle-history">Starmie used <strong>Surf</strong>!<br></div><div class="battle-history"><small>A critical hit!</small><br></div><div class="battle-history"><small>(The opposing Jolteon lost 57% of its health!)</small><br></div><div class="spacer battle-history"><br></div><div class="battle-history">The opposing Jolteon used <strong>Thunderbolt</strong>!<br></div><div class="battle-history"><small>It's super effective!</small><br></div><div class="battle-history"><small>(Starmie lost <abbr title="−323/323">100%</abbr> of its health!)</small><br></div><div class="spacer battle-history"><br></div><div class="battle-history">Starmie fainted!<br></div><div class="spacer battle-history"><br></div><div class="battle-history">Go! <strong>Tauros</strong>!<br></div><div class="chat"><ul class="utilichart"><li class="result"><span class="col pokemonnamecol" style="white-space: nowrap">Tauros</span> <span class="col typecol"><img src="https://play.pokemonshowdown.com/sprites/types/Normal.png" alt="Normal" height="14" width="32"></span> <span style="float: left ; min-height: 26px"><span class="col abilitycol">Intimidate / Anger Point</span><span class="col abilitycol"></span></span></li><li style="clear: both"></li></ul></div><div class="chat"><ul class="utilichart"><li class="result"><span style="float: left ; min-height: 26px"><span class="col statcol"><em>HP</em><br>75</span> <span class="col statcol"><em>Atk</em><br>100</span> <span class="col statcol"><em>Def</em><br>95</span> <span class="col statcol"><em>SpA</em><br>70</span> <span class="col statcol"><em>SpD</em><br>70</span> <span class="col statcol"><em>Spe</em><br>110</span> </span></li><li style="clear: both"></li></ul></div><div class="spacer battle-history"><br></div><h2 class="battle-history">Turn 21</h2><div class="spacer battle-history"><br></div><div class="battle-history">Tuthur withdrew Jolteon!<br></div><div class="battle-history">Tuthur sent out <strong>Aerodactyl</strong>!<br></div><div class="chat"><ul class="utilichart"><li class="result"><span class="col pokemonnamecol" style="white-space: nowrap">Aerodactyl</span> <span class="col typecol"><img src="https://play.pokemonshowdown.com/sprites/types/Rock.png" alt="Rock" height="14" width="32"><img src="https://play.pokemonshowdown.com/sprites/types/Flying.png" alt="Flying" height="14" width="32"></span> <span style="float: left ; min-height: 26px"><span class="col abilitycol">Rock Head / Pressure</span><span class="col abilitycol"></span></span></li><li style="clear: both"></li></ul></div><div class="chat"><ul class="utilichart"><li class="result"><span style="float: left ; min-height: 26px"><span class="col statcol"><em>HP</em><br>80</span> <span class="col statcol"><em>Atk</em><br>105</span> <span class="col statcol"><em>Def</em><br>75</span> <span class="col statcol"><em>SpA</em><br>70</span> <span class="col statcol"><em>SpD</em><br>70</span> <span class="col statcol"><em>Spe</em><br>130</span> </span></li><li style="clear: both"></li></ul></div><div class="spacer battle-history"><br></div><div class="battle-history">Tauros used <strong>Earthquake</strong>!<br></div><div class="battle-history"><small>It doesn't affect the opposing Aerodactyl...</small><br></div><div class="spacer battle-history"><br></div><h2 class="battle-history">Turn 22</h2><div class="spacer battle-history"><br></div><div class="battle-history">The opposing Aerodactyl used <strong>Rock Slide</strong>!<br></div><div class="battle-history"><small>(Tauros lost <abbr title="−98/353">27.8%</abbr> of its health!)</small><br></div><div class="spacer battle-history"><br></div><div class="battle-history">Tauros used <strong>Blizzard</strong>!<br></div><div class="battle-history"><small>It's super effective!</small><br></div><div class="battle-history"><small>(The opposing Aerodactyl lost 48% of its health!)</small><br></div><div class="spacer battle-history"><br></div><h2 class="battle-history">Turn 23</h2><div class="spacer battle-history"><br></div><div class="battle-history">The opposing Aerodactyl used <strong>Rock Slide</strong>!<br></div><div class="battle-history"><small>(Tauros lost <abbr title="−97/353">27.5%</abbr> of its health!)</small><br></div><div class="spacer battle-history"><br></div><div class="battle-history">Tauros used <strong>Body Slam</strong>!<br></div><div class="battle-history"><small>A critical hit!</small><br></div><div class="battle-history"><small>It's not very effective...</small><br></div><div class="battle-history"><small>(The opposing Aerodactyl lost 31% of its health!)</small><br></div><div class="spacer battle-history"><br></div><h2 class="battle-history">Turn 24</h2><div class="spacer battle-history"><br></div><div class="battle-history">The opposing Aerodactyl used <strong>Hyper Beam</strong>!<br></div><div class="battle-history"><small>(Tauros lost <abbr title="−134/353">38.0%</abbr> of its health!)</small><br></div><div class="spacer battle-history"><br></div><div class="battle-history">Tauros used <strong>Hyper Beam</strong>!<br></div><div class="battle-history"><small>It's not very effective...</small><br></div><div class="battle-history"><small>(The opposing Aerodactyl lost 21% of its health!)</small><br></div><div class="spacer battle-history"><br></div><div class="battle-history">The opposing Aerodactyl fainted!<br></div><div class="spacer battle-history"><br></div><div class="battle-history">Tuthur sent out <strong>Tauros</strong>!<br></div><div class="spacer battle-history"><br></div><h2 class="battle-history">Turn 25</h2><div class="spacer battle-history"><br></div><div class="battle-history">Tauros, come back!<br></div><div class="battle-history">Go! <strong>Exeggutor</strong>!<br></div><div class="spacer battle-history"><br></div><div class="battle-history">The opposing Tauros used <strong>Body Slam</strong>!<br></div><div class="battle-history"><small>(Exeggutor lost <abbr title="−118/393">30.0%</abbr> of its health!)</small><br></div><div class="spacer battle-history"><br></div><h2 class="battle-history">Turn 26</h2><div class="spacer battle-history"><br></div><div class="battle-history">The opposing Tauros used <strong>Body Slam</strong>!<br></div><div class="battle-history"><small>(Exeggutor lost <abbr title="−62/393">15.8%</abbr> of its health!)</small><br></div><div class="spacer battle-history"><br></div><div class="battle-history">Exeggutor fainted!<br></div><div class="spacer battle-history"><br></div><div class="battle-history">Go! <strong>Alakazam</strong>!<br></div><div class="chat"><ul class="utilichart"><li class="result"><span class="col pokemonnamecol" style="white-space: nowrap">Alakazam</span> <span class="col typecol"><img src="https://play.pokemonshowdown.com/sprites/types/Psychic.png" alt="Psychic" height="14" width="32"></span> <span style="float: left ; min-height: 26px"><span class="col abilitycol">Synchronize / Inner Focus</span><span class="col abilitycol"></span></span></li><li style="clear: both"></li></ul></div><div class="chat"><ul class="utilichart"><li class="result"><span style="float: left ; min-height: 26px"><span class="col statcol"><em>HP</em><br>55</span> <span class="col statcol"><em>Atk</em><br>50</span> <span class="col statcol"><em>Def</em><br>45</span> <span class="col statcol"><em>SpA</em><br>135</span> <span class="col statcol"><em>SpD</em><br>135</span> <span class="col statcol"><em>Spe</em><br>120</span> </span></li><li style="clear: both"></li></ul></div><div class="spacer battle-history"><br></div><h2 class="battle-history">Turn 27</h2><div class="spacer battle-history"><br></div><div class="battle-history">Tuthur withdrew Tauros!<br></div><div class="battle-history">Tuthur sent out <strong>Jolteon</strong>!<br></div><div class="spacer battle-history"><br></div><div class="battle-history">Alakazam used <strong>Thunder Wave</strong>!<br></div><div class="battle-history"><small>The opposing Jolteon is already paralyzed!</small><br></div><div class="spacer battle-history"><br></div><h2 class="battle-history">Turn 28</h2><div class="spacer battle-history"><br></div><div class="battle-history">Alakazam, come back!<br></div><div class="battle-history">Go! <strong>Zapdos</strong>!<br></div><div class="chat"><ul class="utilichart"><li class="result"><span class="col pokemonnamecol" style="white-space: nowrap">Zapdos</span> <span class="col typecol"><img src="https://play.pokemonshowdown.com/sprites/types/Electric.png" alt="Electric" height="14" width="32"><img src="https://play.pokemonshowdown.com/sprites/types/Flying.png" alt="Flying" height="14" width="32"></span> <span style="float: left ; min-height: 26px"><span class="col abilitycol">Pressure</span><span class="col abilitycol"></span></span></li><li style="clear: both"></li></ul></div><div class="chat"><ul class="utilichart"><li class="result"><span style="float: left ; min-height: 26px"><span class="col statcol"><em>HP</em><br>90</span> <span class="col statcol"><em>Atk</em><br>90</span> <span class="col statcol"><em>Def</em><br>85</span> <span class="col statcol"><em>SpA</em><br>125</span> <span class="col statcol"><em>SpD</em><br>125</span> <span class="col statcol"><em>Spe</em><br>100</span> </span></li><li style="clear: both"></li></ul></div><div class="spacer battle-history"><br></div><div class="battle-history">The opposing Jolteon used <strong>Thunder Wave</strong>!<br></div><div class="battle-history"><small>Zapdos is paralyzed! It may be unable to move!</small><br></div><div class="spacer battle-history"><br></div><h2 class="battle-history">Turn 29</h2><div class="spacer battle-history"><br></div><div class="battle-history">The opposing Jolteon used <strong>Growth</strong>!<br></div><div class="battle-history"><small>The opposing Jolteon's Special rose!</small><br></div><div class="spacer battle-history"><br></div><div class="battle-history">Zapdos used <strong>Agility</strong>!<br></div><div class="battle-history"><small>Zapdos's Speed rose sharply!</small><br></div><div class="spacer battle-history"><br></div><h2 class="battle-history">Turn 30</h2><div class="spacer battle-history"><br></div><div class="battle-history">Zapdos used <strong>Drill Peck</strong>!<br></div><div class="battle-history"><small>It's not very effective...</small><br></div><div class="battle-history"><small>(The opposing Jolteon lost 18% of its health!)</small><br></div><div class="spacer battle-history"><br></div><div class="battle-history">The opposing Jolteon used <strong>Thunderbolt</strong>!<br></div><div class="battle-history"><small>A critical hit!</small><br></div><div class="battle-history"><small>(Zapdos lost <abbr title="−207/383">54.0%</abbr> of its health!)</small><br></div><div class="spacer battle-history"><br></div><h2 class="battle-history">Turn 31</h2><div class="spacer battle-history"><br></div><div class="battle-history">Zapdos is paralyzed! It can't move!<br></div><div class="spacer battle-history"><br></div><div class="battle-history">The opposing Jolteon used <strong>Thunderbolt</strong>!<br></div><div class="battle-history"><small>(Zapdos lost <abbr title="−145/383">37.9%</abbr> of its health!)</small><br></div><div class="spacer battle-history"><br></div><h2 class="battle-history">Turn 32</h2><div class="spacer battle-history"><br></div><div class="battle-history">Zapdos used <strong>Drill Peck</strong>!<br></div><div class="battle-history"><small>It's not very effective...</small><br></div><div class="battle-history"><small>(The opposing Jolteon lost 18% of its health!)</small><br></div><div class="spacer battle-history"><br></div><div class="battle-history">The opposing Jolteon is paralyzed! It can't move!<br></div><div class="spacer battle-history"><br></div><h2 class="battle-history">Turn 33</h2><div class="spacer battle-history"><br></div><div class="battle-history">Zapdos used <strong>Drill Peck</strong>!<br></div><div class="battle-history"><small>It's not very effective...</small><br></div><div class="battle-history"><small>(The opposing Jolteon lost 7% of its health!)</small><br></div><div class="spacer battle-history"><br></div><div class="battle-history">The opposing Jolteon fainted!<br></div><div class="spacer battle-history"><br></div><div class="battle-history">Tuthur sent out <strong>Tauros</strong>!<br></div><div class="spacer battle-history"><br></div><h2 class="battle-history">Turn 34</h2><div class="spacer battle-history"><br></div><div class="battle-history">Zapdos used <strong>Thunder Wave</strong>!<br></div><div class="battle-history"><small>The opposing Tauros is paralyzed! It may be unable to move!</small><br></div><div class="spacer battle-history"><br></div><div class="battle-history">The opposing Tauros used <strong>Body Slam</strong>!<br></div><div class="battle-history"><small>(Zapdos lost <abbr title="−31/383">8.1%</abbr> of its health!)</small><br></div><div class="spacer battle-history"><br></div><div class="battle-history">Zapdos fainted!<br></div><div class="spacer battle-history"><br></div><div class="battle-history">Go! <strong>Alakazam</strong>!<br></div><div class="spacer battle-history"><br></div><h2 class="battle-history">Turn 35</h2><div class="spacer battle-history"><br></div><div class="battle-history">Alakazam used <strong>Psychic</strong>!<br></div><div class="battle-history"><small>(The opposing Tauros lost 45% of its health!)</small><br></div><div class="spacer battle-history"><br></div><div class="battle-history">The opposing Tauros used <strong>Hyper Beam</strong>!<br></div><div class="battle-history"><small>(Alakazam lost <abbr title="−271/313">86.6%</abbr> of its health!)</small><br></div><div class="spacer battle-history"><br></div><h2 class="battle-history">Turn 36</h2><div class="chat chatmessage-gastalies mine"><strong style="color:#b5912f"><small>☆</small><span class="username" data-name="gastalies">gastalies</span>:</strong> <em>ggs</em></div><div class="spacer battle-history"><br></div><div class="battle-history">Alakazam used <strong>Psychic</strong>!<br></div><div class="battle-history"><small>(The opposing Tauros lost 50% of its health!)</small><br></div><div class="spacer battle-history"><br></div><div class="battle-history">The opposing Tauros must recharge!<br></div><div class="spacer battle-history"><br></div><h2 class="battle-history">Turn 37</h2><div class="spacer battle-history"><br></div><div class="battle-history">Alakazam used <strong>Psychic</strong>!<br></div><div class="battle-history"><small>(The opposing Tauros lost 5% of its health!)</small><br></div><div class="spacer battle-history"><br></div><div class="battle-history">The opposing Tauros fainted!<br></div><div class="spacer battle-history"><br></div><div class="battle-history"><strong>gastalies</strong> won the battle!<br></div></div><div class="inner-preempt message-log"></div></div></div>
</div>
<script>
let daily = Math.floor(Date.now()/1000/60/60/24);document.write('<script src="https://dragonheaven.herokuapp.com/js/replay-embed.js?version'+daily+'"></'+'script>');
</script>
